order_id,product_id,quantity,unit_price,ETL_updated_ts,ETL_DATASOURCE_NAME,order_key,product_key,order_product_key
1961864118,642612,3,517.03,2025-10-06 22:10:08.366380,1,1471160553,1800915091,334268377
1549769649,378676,1,881.42,2025-10-06 22:10:08.366380,1,1082710678,1669795077,1316389443
9185164487,741341,2,923.84,2025-10-06 22:10:08.366380,1,1253483929,1767499626,566559499
9644738826,561860,1,874.78,2025-10-06 22:10:08.366380,1,248664083,314419203,737571339
5427684290,602241,2,976.55,2025-10-06 22:10:08.366380,1,354498643,1642929732,1787407052
3265154092,681063,1,321.28,2025-10-06 22:10:08.366380,1,1753985288,750324095,543712323
4898355547,56589,3,517.77,2025-10-06 22:10:08.366380,1,768100104,262577165,1188761693
6568151549,500739,2,359.98,2025-10-06 22:10:08.366380,1,1111964656,2088914548,1784397846
6006693867,490939,1,80.25,2025-10-06 22:10:08.366380,1,1350587214,660219871,1950286569
374186990,760828,2,563.45,2025-10-06 22:10:08.366380,1,309514554,1249739333,976570869
4455336265,753354,3,423.56,2025-10-06 22:10:08.366380,1,928527290,735880283,1745988082
3539286337,684939,1,727.95,2025-10-06 22:10:08.366380,1,837440762,2066068749,109502064
9171116867,500739,3,359.98,2025-10-06 22:10:08.366380,1,776008192,2088914548,445129872
5504941865,540618,1,317.05,2025-10-06 22:10:08.366380,1,403117251,73358530,336045731
5868326481,53833,3,134.69,2025-10-06 22:10:08.366380,1,300037473,1504830200,1692163699
2137046916,455755,2,44.09,2025-10-06 22:10:08.366380,1,1857624115,1899574707,1039035593
8195544338,131937,1,287.81,2025-10-06 22:10:08.366380,1,1413886354,1261682347,1889899789
2889700050,798639,1,211.25,2025-10-06 22:10:08.366380,1,47297582,208459410,1269601195
65827885,324809,3,608.0,2025-10-06 22:10:08.366380,1,133605253,255369313,1187185095
4656471694,679284,1,877.89,2025-10-06 22:10:08.366380,1,1377309712,1768671768,1429410160
6625178717,952168,3,236.95,2025-10-06 22:10:08.366380,1,895145856,1306578566,1099431687
7169557514,706112,2,478.79,2025-10-06 22:10:08.366380,1,1124816605,614053116,312482014
2268306684,812607,2,416.65,2025-10-06 22:10:08.366380,1,1740855558,1380872453,2029653286
6905293278,799952,1,922.64,2025-10-06 22:10:08.366380,1,1035001578,668579787,141391445
1769493463,709916,3,33.76,2025-10-06 22:10:08.366380,1,161819333,2133218441,1031113370
5003387344,67197,3,552.2,2025-10-06 22:10:08.366380,1,2085732585,1369965279,2033194658
2064484752,937542,3,97.04,2025-10-06 22:10:08.366380,1,1452115423,433256058,351898899
964822979,455755,2,44.09,2025-10-06 22:10:08.366380,1,744880460,1899574707,427408279
6037899648,669378,1,212.14,2025-10-06 22:10:08.366380,1,1113870694,1544977574,613496155
9347571484,112390,2,877.98,2025-10-06 22:10:08.366380,1,2076670570,1777953163,1422056073
3286177534,891833,1,493.19,2025-10-06 22:10:08.366380,1,1701215271,2048002458,1962104357
9073572548,60619,1,726.41,2025-10-06 22:10:08.366380,1,2078950208,1259607174,1136727938
8395583761,561860,3,874.78,2025-10-06 22:10:08.366380,1,870229560,314419203,326561721
6355378227,993331,1,102.44,2025-10-06 22:10:08.366380,1,1041759314,151381207,2056828767
277376321,94225,3,77.11,2025-10-06 22:10:08.366380,1,908455306,249826083,116526522
8559748526,552496,1,508.0,2025-10-06 22:10:08.366380,1,860741154,835527500,1657869427
1458051433,57405,3,607.67,2025-10-06 22:10:08.366380,1,2099787656,770627295,474782649
5838302640,240179,3,90.56,2025-10-06 22:10:08.366380,1,549086748,1566703172,1296466369
1380971977,602241,3,976.55,2025-10-06 22:10:08.366380,1,409572673,1642929732,1710653088
1221099013,131937,1,287.81,2025-10-06 22:10:08.366380,1,841440512,1261682347,1846170940
6771166303,677542,3,212.61,2025-10-06 22:10:08.366380,1,559777029,1050531960,1341943367
7111337755,888807,3,230.58,2025-10-06 22:10:08.366380,1,91536794,1701046484,657592128
5562922993,540618,1,317.05,2025-10-06 22:10:08.366380,1,1619476613,73358530,660256704
5630957897,876139,2,415.75,2025-10-06 22:10:08.366380,1,1361717430,423032908,842846329
1787380558,444361,3,822.63,2025-10-06 22:10:08.366380,1,927999751,2135980605,1687867267
32613017,451812,1,530.85,2025-10-06 22:10:08.366380,1,1323513952,1208840252,102875915
2039041670,287070,1,443.17,2025-10-06 22:10:08.366380,1,218426621,1647839942,109977540
210693801,432617,3,863.18,2025-10-06 22:10:08.366380,1,971065527,1546344002,1917884585
8120002258,131937,1,287.81,2025-10-06 22:10:08.366380,1,2020672300,1261682347,1718554331
2177917034,144124,2,162.67,2025-10-06 22:10:08.366380,1,1686840699,379707586,1563989912
4254814926,324809,1,608.0,2025-10-06 22:10:08.366380,1,739867949,255369313,206378831
6074172790,888807,2,230.58,2025-10-06 22:10:08.366380,1,1875075196,1701046484,639807383
3381573131,684939,1,727.95,2025-10-06 22:10:08.366380,1,523870007,2066068749,706401211
3773745777,734789,1,395.82,2025-10-06 22:10:08.366380,1,1801332252,35227595,1383506664
9251939156,876139,3,415.75,2025-10-06 22:10:08.366380,1,197060774,423032908,1739616968
3872982303,56589,2,517.77,2025-10-06 22:10:08.366380,1,207173993,262577165,34632291
2625987757,890232,1,432.0,2025-10-06 22:10:08.366380,1,230866633,273331923,1826906775
3162249401,432617,1,863.18,2025-10-06 22:10:08.366380,1,1262483432,1546344002,2054339042
3108986741,687218,3,317.82,2025-10-06 22:10:08.366380,1,1504480069,1314693034,88767499
1851474741,970529,3,827.44,2025-10-06 22:10:08.366380,1,1252225411,590705616,886491895
2425099132,604184,2,397.55,2025-10-06 22:10:08.366380,1,795809231,519693845,1636261070
6706793332,615545,2,448.16,2025-10-06 22:10:08.366380,1,1612705369,1651327884,1943269609
2149289255,567671,3,418.48,2025-10-06 22:10:08.366380,1,852195008,871692779,59910946
1971008155,222892,1,869.22,2025-10-06 22:10:08.366380,1,1313209891,687440601,1509757883
2087093460,34186,2,925.65,2025-10-06 22:10:08.366380,1,1460554908,1273095001,1967843353
2116712588,891833,1,493.19,2025-10-06 22:10:08.366380,1,295836942,2048002458,1846515734
6054358790,532965,1,307.23,2025-10-06 22:10:08.366380,1,292203727,301069127,56735531
532660797,962054,2,16.86,2025-10-06 22:10:08.366380,1,988485506,702536214,146336076
1491991005,33955,1,186.08,2025-10-06 22:10:08.366380,1,1948018754,460003601,1944630938
4136019599,644847,3,622.81,2025-10-06 22:10:08.366380,1,586388688,1566934008,257725064
2122832513,954722,1,616.45,2025-10-06 22:10:08.366380,1,433522117,991469298,1293137171
3717703595,500633,3,154.5,2025-10-06 22:10:08.366380,1,1596610256,1149899146,1934992995
3194733693,240179,2,90.56,2025-10-06 22:10:08.366380,1,1335210443,1566703172,175052015
4471162437,820973,1,114.52,2025-10-06 22:10:08.366380,1,242425722,1667049476,1026715305
1609331948,490602,3,549.47,2025-10-06 22:10:08.366380,1,1748062929,769559771,1541199705
6920030794,256783,2,906.54,2025-10-06 22:10:08.366380,1,1946631566,2061736232,706348032
5127172657,913428,2,392.22,2025-10-06 22:10:08.366380,1,1063890084,1926809877,750604096
8607115856,324809,1,608.0,2025-10-06 22:10:08.366380,1,1200623283,255369313,1445624732
7154957395,516376,1,877.43,2025-10-06 22:10:08.366380,1,1989084487,1782984877,1140194097
2070762702,566052,3,87.3,2025-10-06 22:10:08.366380,1,1774269249,56996108,1587311693
3697242439,897083,2,972.69,2025-10-06 22:10:08.366380,1,1204260872,1653724011,1400755391
3063427913,799952,2,922.64,2025-10-06 22:10:08.366380,1,1146757801,668579787,706988040
2060061337,690565,1,951.27,2025-10-06 22:10:08.366380,1,1786789496,1892387761,1008449939
4625892678,317242,1,198.15,2025-10-06 22:10:08.366380,1,1940438524,907771087,2030985188
6045698170,965755,3,532.57,2025-10-06 22:10:08.366380,1,1003505958,2078445887,85560177
7876289647,863930,1,242.57,2025-10-06 22:10:08.366380,1,1372173929,932759592,1999312505
3434084714,264803,2,995.98,2025-10-06 22:10:08.366380,1,1862595636,1636107250,1927839836
9031695663,697683,1,123.74,2025-10-06 22:10:08.366380,1,2043690624,1677500147,938386779
1955989715,679284,1,877.89,2025-10-06 22:10:08.366380,1,2079695260,1768671768,996688382
3459500455,992178,1,632.43,2025-10-06 22:10:08.366380,1,564455934,777024525,586366729
5953376503,300159,1,44.35,2025-10-06 22:10:08.366380,1,1116300478,1415353469,1659668186
121874867,952124,3,127.08,2025-10-06 22:10:08.366380,1,1308198896,1704339285,264235455
2460545397,925482,1,475.04,2025-10-06 22:10:08.366380,1,870996618,277135915,1026613017
9690050839,500633,2,154.5,2025-10-06 22:10:08.366380,1,445197735,1149899146,240300414
2574349065,123983,3,785.67,2025-10-06 22:10:08.366380,1,249667182,2011113320,409154439
2461936988,272170,2,140.8,2025-10-06 22:10:08.366380,1,1600084550,1985571996,1530289077
6447596416,70969,1,631.7,2025-10-06 22:10:08.366380,1,1901334220,1332299549,1627855410
7228452275,757274,2,98.32,2025-10-06 22:10:08.366380,1,249721507,1105999156,725538612
6696750742,14145,2,630.84,2025-10-06 22:10:08.366380,1,2126409574,1136210203,1882943851
822235931,611575,3,482.06,2025-10-06 22:10:08.366380,1,1400894384,14328499,1660522546
7678251499,704868,1,193.46,2025-10-06 22:10:08.366380,1,891124242,168512143,2038420145
2497341976,451933,1,568.94,2025-10-06 22:10:08.366380,1,1515627181,2021970875,1804769106
9107314128,820541,3,576.22,2025-10-06 22:10:08.366380,1,1278108513,950750353,1104080136
9855726256,349294,2,934.75,2025-10-06 22:10:08.366380,1,1354024919,1731020863,1552493221
9398719862,615545,2,448.16,2025-10-06 22:10:08.366380,1,140266816,1651327884,1214189174
379494532,654297,3,13.25,2025-10-06 22:10:08.366380,1,1579545437,493986690,444737850
1048784963,451933,2,568.94,2025-10-06 22:10:08.366380,1,51741180,2021970875,1868668385
4386246924,613942,2,545.0,2025-10-06 22:10:08.366380,1,2094212774,2097313557,1083922549
2050362692,366066,1,918.58,2025-10-06 22:10:08.366380,1,709495610,1671068873,459605950
4142963293,287070,1,443.17,2025-10-06 22:10:08.366380,1,2135614661,1647839942,1675314789
9753528654,137909,1,864.3,2025-10-06 22:10:08.366380,1,69710874,519661349,1441072585
8126970833,700048,3,141.28,2025-10-06 22:10:08.366380,1,2112363392,809445133,2147268234
9747814712,256783,2,906.54,2025-10-06 22:10:08.366380,1,722971734,2061736232,130396953
6281619403,131136,2,37.8,2025-10-06 22:10:08.366380,1,2006827847,830909099,189829625
436184281,15314,3,578.85,2025-10-06 22:10:08.366380,1,1649645423,913541967,1560287162
9799231260,39154,3,946.86,2025-10-06 22:10:08.366380,1,110944958,1327604593,2132055916
4071811527,661577,1,720.95,2025-10-06 22:10:08.366380,1,219763407,1306047591,1421361979
5645359563,723678,3,675.46,2025-10-06 22:10:08.366380,1,1227219654,1302042089,1784258491
9411813703,557908,3,942.37,2025-10-06 22:10:08.366380,1,856564093,1416367254,1229128452
4270217473,336847,2,936.98,2025-10-06 22:10:08.366380,1,1562127806,1213656388,1381559704
279851011,34186,3,925.65,2025-10-06 22:10:08.366380,1,696635599,1273095001,655593417
6260524887,94225,2,77.11,2025-10-06 22:10:08.366380,1,325456272,249826083,262618454
5853998391,257719,2,281.73,2025-10-06 22:10:08.366380,1,2052549729,1100680631,392723051
9931976872,118820,3,12.32,2025-10-06 22:10:08.366380,1,1772559547,777645869,2061278874
8432209832,336847,1,936.98,2025-10-06 22:10:08.366380,1,290911982,1213656388,1272144930
6023721507,327290,1,862.28,2025-10-06 22:10:08.366380,1,2097019822,2127111214,1739969258
3042338919,679284,3,877.89,2025-10-06 22:10:08.366380,1,811147221,1768671768,819626484
233646065,803607,1,949.73,2025-10-06 22:10:08.366380,1,1312806698,1562408934,1560713914
9870610018,615545,2,448.16,2025-10-06 22:10:08.366380,1,1609188317,1651327884,364742778
1398230967,951463,3,787.4,2025-10-06 22:10:08.366380,1,172157568,170729287,1900715872
8615488922,566052,3,87.3,2025-10-06 22:10:08.366380,1,308798738,56996108,1417763083
2748841057,552496,2,508.0,2025-10-06 22:10:08.366380,1,2139939713,835527500,913968696
1375867721,500633,3,154.5,2025-10-06 22:10:08.366380,1,1058549898,1149899146,1296694019
8595141097,274207,1,328.51,2025-10-06 22:10:08.366380,1,645647668,2095648851,1656136442
4673382071,256783,1,906.54,2025-10-06 22:10:08.366380,1,1433274592,2061736232,1893965340
2948696008,131937,2,287.81,2025-10-06 22:10:08.366380,1,2141716409,1261682347,1237717354
6839692624,67197,2,552.2,2025-10-06 22:10:08.366380,1,722423094,1369965279,152912524
5770951298,329351,3,310.87,2025-10-06 22:10:08.366380,1,371793009,423999419,1045721210
5084771819,154179,2,582.87,2025-10-06 22:10:08.366380,1,61309377,2098987007,62377865
422403644,317242,1,198.15,2025-10-06 22:10:08.366380,1,1994186411,907771087,95551525
7176758896,492958,2,84.2,2025-10-06 22:10:08.366380,1,11340520,2093511184,1853709112
8252905093,647462,3,326.42,2025-10-06 22:10:08.366380,1,911249621,1717547705,1534524559
1488561572,585299,1,799.46,2025-10-06 22:10:08.366380,1,743931175,949815871,2095955535
6212984517,853932,1,941.19,2025-10-06 22:10:08.366380,1,1834963325,593620396,692864495
6309784337,120532,1,697.53,2025-10-06 22:10:08.366380,1,1752044480,1562501251,856885493
4613890018,490602,1,549.47,2025-10-06 22:10:08.366380,1,1289201264,769559771,1198720935
3429728472,851978,1,715.72,2025-10-06 22:10:08.366380,1,156586161,940633450,1569288739
267738904,606256,2,369.28,2025-10-06 22:10:08.366380,1,980015465,457834622,1159490913
3850416839,697683,3,123.74,2025-10-06 22:10:08.366380,1,1503328219,1677500147,1558512876
3412702479,444361,3,822.63,2025-10-06 22:10:08.366380,1,1087314312,2135980605,811307183
2016183232,14145,3,630.84,2025-10-06 22:10:08.366380,1,549814643,1136210203,1894548791
3810280204,880510,3,951.43,2025-10-06 22:10:08.366380,1,1822293425,1892824527,902861559
2416767295,284460,1,505.95,2025-10-06 22:10:08.366380,1,261191273,1083135401,1939013856
2283439407,376447,1,724.84,2025-10-06 22:10:08.366380,1,1060164646,1127102493,305377388
4328802292,378676,2,881.42,2025-10-06 22:10:08.366380,1,589545385,1669795077,1567630177
7072715691,863930,2,242.57,2025-10-06 22:10:08.366380,1,547269960,932759592,24588358
5640741373,89084,2,598.83,2025-10-06 22:10:08.366380,1,1169825245,898437619,1638275995
6931094066,461804,3,310.69,2025-10-06 22:10:08.366380,1,1284612757,283755580,247179179
3417088709,366066,3,918.58,2025-10-06 22:10:08.366380,1,1541441036,1671068873,838983832
4424404315,313754,2,136.6,2025-10-06 22:10:08.366380,1,1326669474,1873393598,1278452258
2444087306,366066,1,918.58,2025-10-06 22:10:08.366380,1,2134092994,1671068873,738193907
486085268,354409,3,325.08,2025-10-06 22:10:08.366380,1,2064719526,912571795,1274930412
1731312620,589812,1,163.03,2025-10-06 22:10:08.366380,1,569101920,227283775,1897246491
6475582506,140489,2,650.2,2025-10-06 22:10:08.366380,1,330177386,1893418629,818765139
1868581378,552883,3,888.16,2025-10-06 22:10:08.366380,1,136494262,80327627,1113102334
8884235937,859361,2,432.39,2025-10-06 22:10:08.366380,1,1326728477,1280507817,1034647361
4590662628,131937,2,287.81,2025-10-06 22:10:08.366380,1,387412833,1261682347,408856870
992302540,993331,2,102.44,2025-10-06 22:10:08.366380,1,872420048,151381207,91985676
7169974633,153019,2,947.95,2025-10-06 22:10:08.366380,1,1308086349,497066718,1832349280
6703651257,954722,1,616.45,2025-10-06 22:10:08.366380,1,136467009,991469298,403292581
7180810221,659290,3,319.34,2025-10-06 22:10:08.366380,1,1970313422,1196372733,1460978829
7875587578,832348,1,831.43,2025-10-06 22:10:08.366380,1,1608706014,1150628393,2078822561
2578671497,118820,2,12.32,2025-10-06 22:10:08.366380,1,1138226000,777645869,312044386
6284350691,112390,2,877.98,2025-10-06 22:10:08.366380,1,1894861347,1777953163,98337207
5383261788,557908,2,942.37,2025-10-06 22:10:08.366380,1,254815029,1416367254,1944010818
6590867973,712307,2,264.89,2025-10-06 22:10:08.366380,1,422858574,992342221,608359250
8787105023,398340,1,651.93,2025-10-06 22:10:08.366380,1,78520604,130949049,1053864598
1402916311,516376,2,877.43,2025-10-06 22:10:08.366380,1,18311096,1782984877,619864864
9715205272,440875,2,275.03,2025-10-06 22:10:08.366380,1,1273492580,245291136,1438590489
3946852375,894539,3,445.48,2025-10-06 22:10:08.366380,1,1230667267,1121923977,1238443827
3367039425,385113,1,816.38,2025-10-06 22:10:08.366380,1,1718793495,428047797,465340996
687711388,542300,3,255.35,2025-10-06 22:10:08.366380,1,166968790,642032292,1578904685
647012431,18035,2,968.94,2025-10-06 22:10:08.366380,1,1400081000,1926219,1515834071
7143278295,647462,1,326.42,2025-10-06 22:10:08.366380,1,940413593,1717547705,986623179
9736844695,564692,1,215.65,2025-10-06 22:10:08.366380,1,1273281170,171152667,975812989
5933289680,747801,2,277.76,2025-10-06 22:10:08.366380,1,921518,997364420,1478207403
9494303116,336847,3,936.98,2025-10-06 22:10:08.366380,1,244230077,1213656388,1489394394
9337878102,654623,3,422.14,2025-10-06 22:10:08.366380,1,829650653,1591468152,1513193499
6872621077,228286,2,179.08,2025-10-06 22:10:08.366380,1,769409961,2123717842,381228229
7330237253,677169,1,261.03,2025-10-06 22:10:08.366380,1,836756568,1618005433,1334749141
7942616242,970529,3,827.44,2025-10-06 22:10:08.366380,1,1750958365,590705616,1140311382
238520071,537274,2,702.71,2025-10-06 22:10:08.366380,1,500503496,1610734118,1896052126
5812379362,833557,1,422.87,2025-10-06 22:10:08.366380,1,1136806504,1245931918,107948803
2616623847,853932,3,941.19,2025-10-06 22:10:08.366380,1,159728915,593620396,836982464
2040854480,684939,1,727.95,2025-10-06 22:10:08.366380,1,1132544605,2066068749,1173296253
5456484560,324809,1,608.0,2025-10-06 22:10:08.366380,1,330178721,255369313,2073276356
883309006,131748,1,81.35,2025-10-06 22:10:08.366380,1,1507768967,1024605301,2087145665
6528341992,336847,2,936.98,2025-10-06 22:10:08.366380,1,947211228,1213656388,965749607
3263203775,563740,1,96.33,2025-10-06 22:10:08.366380,1,969385668,1502080094,2030665492
3660010934,613942,3,545.0,2025-10-06 22:10:08.366380,1,950349181,2097313557,1541419668
7944885043,760828,1,563.45,2025-10-06 22:10:08.366380,1,1090404747,1249739333,1823781282
2506369831,144124,2,162.67,2025-10-06 22:10:08.366380,1,1429651134,379707586,438040352
697061213,398340,2,651.93,2025-10-06 22:10:08.366380,1,1121878198,130949049,407721196
7079057004,714999,2,882.51,2025-10-06 22:10:08.366380,1,1665211145,7850779,584479093
1556153632,739448,3,755.66,2025-10-06 22:10:08.366380,1,558866074,1222679220,1503124066
2161235338,704868,3,193.46,2025-10-06 22:10:08.366380,1,678136960,168512143,1275406769
1247978468,712003,1,671.68,2025-10-06 22:10:08.366380,1,760945699,605361557,1503571978
5437627061,679865,1,347.91,2025-10-06 22:10:08.366380,1,29036960,1981302669,2094564910
9091960039,689769,1,46.62,2025-10-06 22:10:08.366380,1,2142449641,920943969,1195414153
619198317,194682,1,912.29,2025-10-06 22:10:08.366380,1,479912611,673039313,687183984
9833179291,272170,2,140.8,2025-10-06 22:10:08.366380,1,1886375999,1985571996,2032078571
4148760273,51036,2,931.61,2025-10-06 22:10:08.366380,1,152296053,781095989,275551489
7206041763,124290,3,39.65,2025-10-06 22:10:08.366380,1,1340393106,183811791,1553404554
690097648,291238,2,746.03,2025-10-06 22:10:08.366380,1,225047508,438906943,675025564
4197061567,621677,3,317.8,2025-10-06 22:10:08.366380,1,1590298938,180408731,1436617495
2009394836,237083,3,577.13,2025-10-06 22:10:08.366380,1,806680226,2076240830,1345159965
277502363,667163,1,441.2,2025-10-06 22:10:08.366380,1,1376767899,1152496784,767530595
4356959622,91670,2,439.24,2025-10-06 22:10:08.366380,1,1859411239,1550787547,1470106385
174306009,832348,1,831.43,2025-10-06 22:10:08.366380,1,409462019,1150628393,317338028
9582674091,433521,2,321.33,2025-10-06 22:10:08.366380,1,1625586865,582652347,1974915774
8675579025,317242,1,198.15,2025-10-06 22:10:08.366380,1,730937501,907771087,653535288
5195999941,34186,3,925.65,2025-10-06 22:10:08.366380,1,601620089,1273095001,1081664454
5210007923,492958,1,84.2,2025-10-06 22:10:08.366380,1,744816962,2093511184,667610712
6595771960,949818,3,483.05,2025-10-06 22:10:08.366380,1,974263498,401832236,426922190
4247338382,354409,1,325.08,2025-10-06 22:10:08.366380,1,594490408,912571795,1140991536
819143326,891833,2,493.19,2025-10-06 22:10:08.366380,1,886093577,2048002458,1866398858
3830844750,487065,3,374.68,2025-10-06 22:10:08.366380,1,296730884,1820956768,79312175
1687314172,378287,2,332.84,2025-10-06 22:10:08.366380,1,2002997628,210776433,1550716856
6756007265,820973,1,114.52,2025-10-06 22:10:08.366380,1,106440672,1667049476,884796987
489762747,349294,2,934.75,2025-10-06 22:10:08.366380,1,1717444133,1731020863,853127069
7509195875,704868,1,193.46,2025-10-06 22:10:08.366380,1,728834996,168512143,1967767258
2370917070,500739,1,359.98,2025-10-06 22:10:08.366380,1,174994756,2088914548,1294902772
2055388266,107548,1,891.6,2025-10-06 22:10:08.366380,1,2049146543,1150580600,1916246011
8969304162,9436,2,88.43,2025-10-06 22:10:08.366380,1,684728963,1149935421,233394777
5412674107,644847,2,622.81,2025-10-06 22:10:08.366380,1,1609619622,1566934008,1934980937
1536516619,313754,3,136.6,2025-10-06 22:10:08.366380,1,1697456412,1873393598,1028827402
3858907413,51036,1,931.61,2025-10-06 22:10:08.366380,1,644838950,781095989,1341594591
4976389251,4452,1,169.88,2025-10-06 22:10:08.366380,1,610651107,1669846499,1416735932
2218319201,378287,1,332.84,2025-10-06 22:10:08.366380,1,1824322593,210776433,1550548008
6729422433,552496,2,508.0,2025-10-06 22:10:08.366380,1,1364383187,835527500,204420826
1354097448,15314,2,578.85,2025-10-06 22:10:08.366380,1,845455364,913541967,2028288212
8952275304,757274,3,98.32,2025-10-06 22:10:08.366380,1,490793555,1105999156,1454865886
436603801,557908,2,942.37,2025-10-06 22:10:08.366380,1,2137878663,1416367254,64926177
5273875984,859361,1,432.39,2025-10-06 22:10:08.366380,1,627650350,1280507817,790894190
9290203003,714999,1,882.51,2025-10-06 22:10:08.366380,1,173794031,7850779,1539877179
6240982373,70969,3,631.7,2025-10-06 22:10:08.366380,1,1661540674,1332299549,1243161298
2718348206,243235,2,109.03,2025-10-06 22:10:08.366380,1,1462947934,845513255,712814711
4903544026,470449,3,827.77,2025-10-06 22:10:08.366380,1,1359923618,2032155310,224723708
2827266949,937542,3,97.04,2025-10-06 22:10:08.366380,1,1806727232,433256058,1328448626
4278423074,880510,2,951.43,2025-10-06 22:10:08.366380,1,627318579,1892824527,304926345
645916247,812607,1,416.65,2025-10-06 22:10:08.366380,1,1354422972,1380872453,696861415
5816647866,432617,2,863.18,2025-10-06 22:10:08.366380,1,1479215564,1546344002,160068852
7282397914,600767,1,722.42,2025-10-06 22:10:08.366380,1,1694788981,358333658,36810161
3260611473,712307,1,264.89,2025-10-06 22:10:08.366380,1,1503480933,992342221,2095627109
8638163868,832348,1,831.43,2025-10-06 22:10:08.366380,1,750472684,1150628393,98253849
177850987,237083,2,577.13,2025-10-06 22:10:08.366380,1,1232705707,2076240830,1839903858
9653859166,272170,1,140.8,2025-10-06 22:10:08.366380,1,888429041,1985571996,296669140
9991338690,26060,1,342.94,2025-10-06 22:10:08.366380,1,183103113,1587775638,1805780603
1714593246,613942,3,545.0,2025-10-06 22:10:08.366380,1,1322337396,2097313557,1066443578
9742461226,478531,3,825.46,2025-10-06 22:10:08.366380,1,804807804,901900830,559745076
3314393477,901144,3,340.36,2025-10-06 22:10:08.366380,1,129703164,1352129620,1868274901
4188317986,951463,1,787.4,2025-10-06 22:10:08.366380,1,1280099993,170729287,441433478
1646665366,654297,3,13.25,2025-10-06 22:10:08.366380,1,1173421348,493986690,650481617
9558804585,953175,2,225.21,2025-10-06 22:10:08.366380,1,1573569949,667939899,66990184
9047652469,319388,3,657.8,2025-10-06 22:10:08.366380,1,1975772101,936740962,1643193138
2893800377,187399,1,53.49,2025-10-06 22:10:08.366380,1,384989002,1064147607,2101970622
6139157985,753354,3,423.56,2025-10-06 22:10:08.366380,1,1015469794,735880283,1204315386
6029394789,803607,1,949.73,2025-10-06 22:10:08.366380,1,1060487507,1562408934,1100404237
5874940276,91670,1,439.24,2025-10-06 22:10:08.366380,1,1287049366,1550787547,270963285
5205211911,561860,2,874.78,2025-10-06 22:10:08.366380,1,157998108,314419203,1704493874
5314758068,552883,3,888.16,2025-10-06 22:10:08.366380,1,607413718,80327627,1655969677
484869710,15314,2,578.85,2025-10-06 22:10:08.366380,1,1261302034,913541967,154707091
9957728938,455755,2,44.09,2025-10-06 22:10:08.366380,1,1147447050,1899574707,624750541
3136056666,555121,1,354.91,2025-10-06 22:10:08.366380,1,68968548,1133999892,1279722198
4926104391,642612,2,517.03,2025-10-06 22:10:08.366380,1,1438872621,1800915091,76027844
1827844756,681063,1,321.28,2025-10-06 22:10:08.366380,1,1171592119,750324095,1265738646
7032037874,491314,3,973.44,2025-10-06 22:10:08.366380,1,115082934,1772886192,539024270
3779230503,82484,3,914.88,2025-10-06 22:10:08.366380,1,1078312725,579513425,1665545540
3473012553,951463,2,787.4,2025-10-06 22:10:08.366380,1,691152204,170729287,1082377314
7988504487,91670,3,439.24,2025-10-06 22:10:08.366380,1,1849432232,1550787547,540840333
7193792738,500633,3,154.5,2025-10-06 22:10:08.366380,1,1501886897,1149899146,2078486242
1533583386,240179,1,90.56,2025-10-06 22:10:08.366380,1,56194258,1566703172,1996954034
7750989397,300159,1,44.35,2025-10-06 22:10:08.366380,1,197484221,1415353469,788282302
4434816229,537274,1,702.71,2025-10-06 22:10:08.366380,1,945300752,1610734118,1281638114
6896732047,187399,3,53.49,2025-10-06 22:10:08.366380,1,1535703669,1064147607,1383353967
4740837071,833557,3,422.87,2025-10-06 22:10:08.366380,1,1754351340,1245931918,1753415724
6649631729,863930,3,242.57,2025-10-06 22:10:08.366380,1,360069537,932759592,324854926
5351526726,962054,2,16.86,2025-10-06 22:10:08.366380,1,91154781,702536214,279701286
1506082041,880510,1,951.43,2025-10-06 22:10:08.366380,1,1108434985,1892824527,1856138330
1023260165,470449,1,827.77,2025-10-06 22:10:08.366380,1,240880875,2032155310,389487698
8257032403,859361,1,432.39,2025-10-06 22:10:08.366380,1,253889568,1280507817,598819279
7216524192,15314,2,578.85,2025-10-06 22:10:08.366380,1,357766720,913541967,330574987
8619795820,449106,2,48.55,2025-10-06 22:10:08.366380,1,606945770,347199780,750750694
6494708839,140154,2,171.2,2025-10-06 22:10:08.366380,1,1883323869,1806801571,1151819609
9859249765,600767,3,722.42,2025-10-06 22:10:08.366380,1,1808220595,358333658,325478386
3528020011,592784,2,280.35,2025-10-06 22:10:08.366380,1,696816451,1562413714,680962067
5937934264,462526,3,449.97,2025-10-06 22:10:08.366380,1,2032323570,1589916932,2020593601
2976477423,585299,2,799.46,2025-10-06 22:10:08.366380,1,1404547325,949815871,914164637
1002438039,709916,3,33.76,2025-10-06 22:10:08.366380,1,87721102,2133218441,1007330126
2571163022,487931,3,709.08,2025-10-06 22:10:08.366380,1,1839791158,467520116,448739290
6850221497,812607,3,416.65,2025-10-06 22:10:08.366380,1,2010298908,1380872453,1707094640
4706569127,15314,1,578.85,2025-10-06 22:10:08.366380,1,1900961307,913541967,2111291741
8168261752,349294,2,934.75,2025-10-06 22:10:08.366380,1,1850432306,1731020863,1835013755
5828325906,15314,2,578.85,2025-10-06 22:10:08.366380,1,1302941911,913541967,2108573871
5012271549,67197,1,552.2,2025-10-06 22:10:08.366380,1,226428255,1369965279,874510522
8110316958,451812,3,530.85,2025-10-06 22:10:08.366380,1,470929945,1208840252,201176847
3190808443,140489,3,650.2,2025-10-06 22:10:08.366380,1,1245115422,1893418629,172324550
7175472728,435929,2,856.89,2025-10-06 22:10:08.366380,1,198854123,2132258950,976803492
6011117738,658389,3,152.55,2025-10-06 22:10:08.366380,1,1569336156,1291868352,1769064150
5592928753,992178,2,632.43,2025-10-06 22:10:08.366380,1,319170902,777024525,180677247
3952040848,927651,2,426.72,2025-10-06 22:10:08.366380,1,1205865825,1862532055,288277721
7026479520,613942,1,545.0,2025-10-06 22:10:08.366380,1,1205563766,2097313557,621397277
6572695161,70969,1,631.7,2025-10-06 22:10:08.366380,1,1787080157,1332299549,810303333
9090769419,305754,1,979.99,2025-10-06 22:10:08.366380,1,1428950424,619109509,1924204533
5979489110,853932,1,941.19,2025-10-06 22:10:08.366380,1,1969256684,593620396,684405555
964698323,257719,3,281.73,2025-10-06 22:10:08.366380,1,95198998,1100680631,198199218
2304242664,516376,3,877.43,2025-10-06 22:10:08.366380,1,913136858,1782984877,1429335203
2483843748,812607,3,416.65,2025-10-06 22:10:08.366380,1,1292170530,1380872453,139518306
2560588609,186168,1,878.8,2025-10-06 22:10:08.366380,1,1618739439,1256706434,1321496281
9268920928,9436,2,88.43,2025-10-06 22:10:08.366380,1,2069420537,1149935421,1889349429
9554019312,578097,1,267.61,2025-10-06 22:10:08.366380,1,150334054,131763570,798777195
3749174258,613942,3,545.0,2025-10-06 22:10:08.366380,1,340982221,2097313557,770843468
3947164241,131136,2,37.8,2025-10-06 22:10:08.366380,1,1021760488,830909099,1707014495
487327038,673058,3,765.76,2025-10-06 22:10:08.366380,1,727625050,1499419575,752287320
8830321199,894539,2,445.48,2025-10-06 22:10:08.366380,1,1938119267,1121923977,388528910
3811318591,585299,1,799.46,2025-10-06 22:10:08.366380,1,1029613708,949815871,1722004873
6795601573,677542,1,212.61,2025-10-06 22:10:08.366380,1,772278711,1050531960,306799294
2348495717,709916,3,33.76,2025-10-06 22:10:08.366380,1,1998344464,2133218441,309286505
9505736584,667163,1,441.2,2025-10-06 22:10:08.366380,1,32969472,1152496784,1386059325
1857227304,194682,1,912.29,2025-10-06 22:10:08.366380,1,1559243263,673039313,493494878
5506485302,491521,1,556.35,2025-10-06 22:10:08.366380,1,1086304588,1355063782,694070089
6074837981,373536,3,494.17,2025-10-06 22:10:08.366380,1,570178516,1592075761,2106582628
4150569633,820973,2,114.52,2025-10-06 22:10:08.366380,1,164755007,1667049476,1699371620
609838437,382511,3,702.54,2025-10-06 22:10:08.366380,1,453267746,742098017,2120605002
5229657139,487931,1,709.08,2025-10-06 22:10:08.366380,1,983153121,467520116,1489211437
2589639350,500739,3,359.98,2025-10-06 22:10:08.366380,1,1207889830,2088914548,339333975
7656948165,901144,3,340.36,2025-10-06 22:10:08.366380,1,2054225048,1352129620,678744270
1806563605,183929,1,738.74,2025-10-06 22:10:08.366380,1,1212183767,343175786,2144655136
359819834,952168,2,236.95,2025-10-06 22:10:08.366380,1,330998358,1306578566,654651123
1908423841,449106,2,48.55,2025-10-06 22:10:08.366380,1,1806301178,347199780,409840837
299859815,707935,2,820.9,2025-10-06 22:10:08.366380,1,1432356491,1656173295,1503537122
923659418,217710,1,58.59,2025-10-06 22:10:08.366380,1,1486645948,39448864,843530564
3560625119,679865,3,347.91,2025-10-06 22:10:08.366380,1,750738369,1981302669,1311108038
7111490680,317242,3,198.15,2025-10-06 22:10:08.366380,1,191116090,907771087,374641326
5766981431,53833,2,134.69,2025-10-06 22:10:08.366380,1,929428326,1504830200,1106593136
8609945311,853932,3,941.19,2025-10-06 22:10:08.366380,1,140260544,593620396,1344216648
1691260635,707935,1,820.9,2025-10-06 22:10:08.366380,1,162433722,1656173295,1150062011
8742091504,349294,3,934.75,2025-10-06 22:10:08.366380,1,114686413,1731020863,753311715
1997833025,123983,1,785.67,2025-10-06 22:10:08.366380,1,1742266187,2011113320,895361284
3588296877,757274,2,98.32,2025-10-06 22:10:08.366380,1,1048868050,1105999156,1077571358
2404804990,557908,1,942.37,2025-10-06 22:10:08.366380,1,1482712208,1416367254,1935580943
8091385479,14145,1,630.84,2025-10-06 22:10:08.366380,1,1052777009,1136210203,407732722
7133174424,264803,1,995.98,2025-10-06 22:10:08.366380,1,1941091434,1636107250,1084857174
6110446321,272170,1,140.8,2025-10-06 22:10:08.366380,1,110925736,1985571996,1978076752
6964586050,378230,1,166.42,2025-10-06 22:10:08.366380,1,661703000,1431784583,1424465690
2351986014,589812,2,163.03,2025-10-06 22:10:08.366380,1,1616878140,227283775,238379747
352569720,757274,1,98.32,2025-10-06 22:10:08.366380,1,1822099611,1105999156,1660045681
1235280275,491521,2,556.35,2025-10-06 22:10:08.366380,1,2010104517,1355063782,366224768
9399859705,217710,1,58.59,2025-10-06 22:10:08.366380,1,1875561187,39448864,1221873360
7530379037,952168,3,236.95,2025-10-06 22:10:08.366380,1,1195375106,1306578566,913229641
5952886441,328457,3,858.57,2025-10-06 22:10:08.366380,1,271043646,1715494761,2064414320
5815833211,373536,2,494.17,2025-10-06 22:10:08.366380,1,318756036,1592075761,215086846
7307394687,739448,2,755.66,2025-10-06 22:10:08.366380,1,2032857005,1222679220,610088812
6033014029,587645,1,801.81,2025-10-06 22:10:08.366380,1,1377030153,1626127595,1485923119
1409944718,153019,3,947.95,2025-10-06 22:10:08.366380,1,1344522598,497066718,893379469
1811382200,131748,3,81.35,2025-10-06 22:10:08.366380,1,726731145,1024605301,1963279491
4485391413,863930,3,242.57,2025-10-06 22:10:08.366380,1,76631754,932759592,1578813406
4076279641,684939,3,727.95,2025-10-06 22:10:08.366380,1,41706116,2066068749,1662613418
2965387566,615545,2,448.16,2025-10-06 22:10:08.366380,1,1076583303,1651327884,459285411
9397774189,112390,2,877.98,2025-10-06 22:10:08.366380,1,2089517761,1777953163,1984852797
1437159967,803607,3,949.73,2025-10-06 22:10:08.366380,1,1780112447,1562408934,1374951884
8397785448,131136,2,37.8,2025-10-06 22:10:08.366380,1,1422615702,830909099,1046547255
2778606949,654623,2,422.14,2025-10-06 22:10:08.366380,1,1850321468,1591468152,125274866
1774096863,784827,1,274.25,2025-10-06 22:10:08.366380,1,670865524,1199454597,1883748554
1497256618,853932,1,941.19,2025-10-06 22:10:08.366380,1,674548097,593620396,1200233019
734095510,313754,1,136.6,2025-10-06 22:10:08.366380,1,1952857937,1873393598,2064810656
5755859055,473929,3,440.19,2025-10-06 22:10:08.366380,1,400942567,1599286902,1938171631
5840290569,760828,1,563.45,2025-10-06 22:10:08.366380,1,939270618,1249739333,766832518
8200985533,555121,2,354.91,2025-10-06 22:10:08.366380,1,2097750512,1133999892,1529822821
3255590064,709916,1,33.76,2025-10-06 22:10:08.366380,1,132428190,2133218441,1573776278
4258404747,272170,1,140.8,2025-10-06 22:10:08.366380,1,1686871054,1985571996,1773466688
2455161115,131748,2,81.35,2025-10-06 22:10:08.366380,1,251263054,1024605301,1339738977
4448004569,455083,2,959.01,2025-10-06 22:10:08.366380,1,1039148870,1489577187,1624420806
5951090793,615545,1,448.16,2025-10-06 22:10:08.366380,1,1885303801,1651327884,1137326412
7402491996,672059,2,672.73,2025-10-06 22:10:08.366380,1,641115063,1227723400,2028378611
8532411923,77308,3,223.27,2025-10-06 22:10:08.366380,1,153199778,53241153,2042942242
7130555385,365133,3,915.45,2025-10-06 22:10:08.366380,1,2067781505,713921620,572495909
4338197132,107548,3,891.6,2025-10-06 22:10:08.366380,1,30615575,1150580600,1021802040
8044366071,131937,3,287.81,2025-10-06 22:10:08.366380,1,2068934937,1261682347,204245086
4135251774,114414,2,832.06,2025-10-06 22:10:08.366380,1,628619532,1919226756,308165297
6331483812,291238,1,746.03,2025-10-06 22:10:08.366380,1,1192110763,438906943,512718830
6705171000,9436,3,88.43,2025-10-06 22:10:08.366380,1,1095759541,1149935421,550009460
7850128898,962054,1,16.86,2025-10-06 22:10:08.366380,1,1808885239,702536214,1380367684
3602554049,818522,3,96.09,2025-10-06 22:10:08.366380,1,751201233,361156178,314359575
1070259187,949818,1,483.05,2025-10-06 22:10:08.366380,1,1900224592,401832236,1178275937
8412338399,187399,2,53.49,2025-10-06 22:10:08.366380,1,1248227134,1064147607,1962695773
1478022303,600767,2,722.42,2025-10-06 22:10:08.366380,1,382209949,358333658,622945541
2376108199,564692,2,215.65,2025-10-06 22:10:08.366380,1,1043065811,171152667,1317776187
5243035202,991434,3,237.62,2025-10-06 22:10:08.366380,1,1933109892,179299332,260957633
3687581971,739448,2,755.66,2025-10-06 22:10:08.366380,1,381371216,1222679220,22939999
7008586055,839170,1,481.63,2025-10-06 22:10:08.366380,1,1617741548,622492390,1134641514
5142069216,734789,2,395.82,2025-10-06 22:10:08.366380,1,1935895838,35227595,269853333
4152441944,712307,2,264.89,2025-10-06 22:10:08.366380,1,2046689316,992342221,1897026768
5601670348,491521,1,556.35,2025-10-06 22:10:08.366380,1,1715564121,1355063782,998621207
605105099,542300,1,255.35,2025-10-06 22:10:08.366380,1,740748824,642032292,954489917
4054936140,461804,1,310.69,2025-10-06 22:10:08.366380,1,1023175986,283755580,1896841206
8741892156,540618,2,317.05,2025-10-06 22:10:08.366380,1,35063288,73358530,1788425752
9143640828,140489,2,650.2,2025-10-06 22:10:08.366380,1,1476443258,1893418629,141239940
6900876252,367391,2,939.55,2025-10-06 22:10:08.366380,1,1174391612,1832350899,1210860412
9801174908,837480,1,217.4,2025-10-06 22:10:08.366380,1,1544230103,431925118,10267783
551343632,272170,3,140.8,2025-10-06 22:10:08.366380,1,1828578325,1985571996,1721704415
7961173808,131937,3,287.81,2025-10-06 22:10:08.366380,1,2068424467,1261682347,225505148
328909145,681063,3,321.28,2025-10-06 22:10:08.366380,1,594247612,750324095,1149574111
5551173528,762527,2,690.08,2025-10-06 22:10:08.366380,1,1605196499,329436691,1725039615
4461788759,876139,2,415.75,2025-10-06 22:10:08.366380,1,1898468884,423032908,944994691
7256212429,217710,3,58.59,2025-10-06 22:10:08.366380,1,1405221355,39448864,1853173672
9104077642,118820,2,12.32,2025-10-06 22:10:08.366380,1,1981505308,777645869,765045513
2914056235,930284,3,189.47,2025-10-06 22:10:08.366380,1,1168018445,1905951401,375566307
9127632807,681063,3,321.28,2025-10-06 22:10:08.366380,1,1761054586,750324095,754648335
6070154414,784827,1,274.25,2025-10-06 22:10:08.366380,1,621331013,1199454597,1448397951
2318969828,123983,1,785.67,2025-10-06 22:10:08.366380,1,2092075544,2011113320,921538869
3813047994,18035,2,968.94,2025-10-06 22:10:08.366380,1,375145993,1926219,1526991476
1416102774,56589,2,517.77,2025-10-06 22:10:08.366380,1,912411553,262577165,1243299156
8086834412,566052,2,87.3,2025-10-06 22:10:08.366380,1,226829264,56996108,1666175005
6193826826,478531,3,825.46,2025-10-06 22:10:08.366380,1,1674351557,901900830,1728643428
8444509148,853932,3,941.19,2025-10-06 22:10:08.366380,1,843933695,593620396,1906421435
42332130,365133,1,915.45,2025-10-06 22:10:08.366380,1,27234172,713921620,1700911399
6009342120,272170,2,140.8,2025-10-06 22:10:08.366380,1,1369441777,1985571996,952356388
4818516411,367391,3,939.55,2025-10-06 22:10:08.366380,1,2126983074,1832350899,1570541715
1039229544,243235,3,109.03,2025-10-06 22:10:08.366380,1,2044375711,845513255,1254354876
1515943657,760684,3,71.6,2025-10-06 22:10:08.366380,1,2105420631,1594364382,137375299
9183547951,461804,2,310.69,2025-10-06 22:10:08.366380,1,1073797946,283755580,23250069
8478376092,952168,1,236.95,2025-10-06 22:10:08.366380,1,169259640,1306578566,603906475
1454073903,34186,3,925.65,2025-10-06 22:10:08.366380,1,419532641,1273095001,1794166435
2855402284,451812,2,530.85,2025-10-06 22:10:08.366380,1,1584343474,1208840252,1047317372
7245730533,647462,2,326.42,2025-10-06 22:10:08.366380,1,414005322,1717547705,613762308
2272892659,51036,3,931.61,2025-10-06 22:10:08.366380,1,1629799055,781095989,982857988
9087377568,432617,1,863.18,2025-10-06 22:10:08.366380,1,767789332,1546344002,2068865520
8443685057,525531,1,831.1,2025-10-06 22:10:08.366380,1,507030196,1158549287,1801930144
1590988730,764014,3,612.04,2025-10-06 22:10:08.366380,1,819375019,958732770,1887461156
7357811417,692985,2,197.39,2025-10-06 22:10:08.366380,1,39962522,337047332,1864958399
394951937,63769,1,878.07,2025-10-06 22:10:08.366380,1,2090497808,91929233,859254295
3967445448,832348,3,831.43,2025-10-06 22:10:08.366380,1,1397386255,1150628393,525487072
6101022928,256783,3,906.54,2025-10-06 22:10:08.366380,1,1915496660,2061736232,1095388801
6322372546,613942,3,545.0,2025-10-06 22:10:08.366380,1,1706109532,2097313557,1837801618
9778782281,818990,3,163.55,2025-10-06 22:10:08.366380,1,771371184,251967856,713493516
3867563962,647462,1,326.42,2025-10-06 22:10:08.366380,1,500628257,1717547705,111497417
9277710098,542300,2,255.35,2025-10-06 22:10:08.366380,1,1105408221,642032292,332069717
7669322773,77308,2,223.27,2025-10-06 22:10:08.366380,1,341224530,53241153,1269616200
3917427529,771228,2,83.18,2025-10-06 22:10:08.366380,1,1893571683,725006193,1833380636
1934158144,120532,1,697.53,2025-10-06 22:10:08.366380,1,195362802,1562501251,2093319598
3157338466,847349,2,781.08,2025-10-06 22:10:08.366380,1,1162263265,757897642,2112238692
9640662474,760684,3,71.6,2025-10-06 22:10:08.366380,1,1083938373,1594364382,4346527
2356272189,604184,3,397.55,2025-10-06 22:10:08.366380,1,139680241,519693845,576153337
1380510406,602241,1,976.55,2025-10-06 22:10:08.366380,1,1203154807,1642929732,64931966
8008377895,349294,2,934.75,2025-10-06 22:10:08.366380,1,1569236060,1731020863,1253458555
3680678403,313754,3,136.6,2025-10-06 22:10:08.366380,1,800196175,1873393598,2083122237
2847236502,871592,1,870.29,2025-10-06 22:10:08.366380,1,664331584,105454066,231407483
5212392063,532965,1,307.23,2025-10-06 22:10:08.366380,1,828495163,301069127,857813948
3804024939,57405,2,607.67,2025-10-06 22:10:08.366380,1,118015879,770627295,1308613208
5395870775,432617,3,863.18,2025-10-06 22:10:08.366380,1,1862803208,1546344002,638251752
511736499,4452,1,169.88,2025-10-06 22:10:08.366380,1,317285895,1669846499,220249794
2895886759,949818,1,483.05,2025-10-06 22:10:08.366380,1,1100066634,401832236,961144071
6638513435,306177,3,769.24,2025-10-06 22:10:08.366380,1,899350396,1525819089,200688769
4168083780,187399,1,53.49,2025-10-06 22:10:08.366380,1,797220628,1064147607,721418885
2501516144,652118,3,22.04,2025-10-06 22:10:08.366380,1,926159854,521926726,272378417
7141387557,349294,3,934.75,2025-10-06 22:10:08.366380,1,421718806,1731020863,763395673
2747350024,186168,3,878.8,2025-10-06 22:10:08.366380,1,1400471659,1256706434,551135493
9503407492,764014,2,612.04,2025-10-06 22:10:08.366380,1,2038109514,958732770,747243464
4845607487,513199,1,422.23,2025-10-06 22:10:08.366380,1,930607132,1804701544,869605745
2051769691,890232,1,432.0,2025-10-06 22:10:08.366380,1,1306775129,273331923,1483174808
1092990139,820973,2,114.52,2025-10-06 22:10:08.366380,1,1699848601,1667049476,2078607028
5527612319,690565,3,951.27,2025-10-06 22:10:08.366380,1,589508351,1892387761,15882393
8852367079,714999,3,882.51,2025-10-06 22:10:08.366380,1,1162959025,7850779,1379399955
1666202264,337168,2,545.49,2025-10-06 22:10:08.366380,1,944882672,422169668,1360315282
8606484804,654297,1,13.25,2025-10-06 22:10:08.366380,1,1147579232,493986690,305449742
8905341102,937542,2,97.04,2025-10-06 22:10:08.366380,1,1296842942,433256058,239966582
5418735913,606256,1,369.28,2025-10-06 22:10:08.366380,1,1086587515,457834622,1723428160
970377475,734789,2,395.82,2025-10-06 22:10:08.366380,1,1104083842,35227595,1710965795
7320527109,291238,2,746.03,2025-10-06 22:10:08.366380,1,359698522,438906943,43945071
5120698,187399,1,53.49,2025-10-06 22:10:08.366380,1,69902742,1064147607,1394200927
3812396179,114414,3,832.06,2025-10-06 22:10:08.366380,1,1147236911,1919226756,979955830
8178951021,18035,3,968.94,2025-10-06 22:10:08.366380,1,1569114260,1926219,1114430635
2479115586,532965,2,307.23,2025-10-06 22:10:08.366380,1,1923412185,301069127,1121386216
6239453389,880510,2,951.43,2025-10-06 22:10:08.366380,1,84168742,1892824527,1000572957
3136508414,435929,3,856.89,2025-10-06 22:10:08.366380,1,1488921281,2132258950,932629394
5521273487,18035,2,968.94,2025-10-06 22:10:08.366380,1,20973437,1926219,1701306847
5445047872,723678,3,675.46,2025-10-06 22:10:08.366380,1,500852392,1302042089,1628091173
3678525130,451812,1,530.85,2025-10-06 22:10:08.366380,1,1297572457,1208840252,1698825545
9328056960,237083,2,577.13,2025-10-06 22:10:08.366380,1,736919651,2076240830,528752203
2109203997,131937,1,287.81,2025-10-06 22:10:08.366380,1,1829560168,1261682347,890966921
556665455,876139,3,415.75,2025-10-06 22:10:08.366380,1,463692678,423032908,1623675009
6573705785,567671,2,418.48,2025-10-06 22:10:08.366380,1,257378539,871692779,286270436
2609502403,131136,1,37.8,2025-10-06 22:10:08.366380,1,642942082,830909099,1438915368
1463293930,689769,1,46.62,2025-10-06 22:10:08.366380,1,46377048,920943969,1754593578
8132887999,433521,2,321.33,2025-10-06 22:10:08.366380,1,1212020801,582652347,924022174
7178789018,112390,1,877.98,2025-10-06 22:10:08.366380,1,1141937225,1777953163,61039642
2295700159,760828,3,563.45,2025-10-06 22:10:08.366380,1,457686536,1249739333,175836193
9277089038,837480,2,217.4,2025-10-06 22:10:08.366380,1,829440782,431925118,1261313597
145057465,26060,3,342.94,2025-10-06 22:10:08.366380,1,454574900,1587775638,405311439
9452353274,34186,1,925.65,2025-10-06 22:10:08.366380,1,389277565,1273095001,1535499837
5434328922,837480,2,217.4,2025-10-06 22:10:08.366380,1,1005340852,431925118,1073851839
3327051807,516376,3,877.43,2025-10-06 22:10:08.366380,1,210188480,1782984877,365986693
1461604569,812607,1,416.65,2025-10-06 22:10:08.366380,1,827331304,1380872453,93238296
606518084,60619,1,726.41,2025-10-06 22:10:08.366380,1,1636875008,1259607174,916708779
7637625389,585299,1,799.46,2025-10-06 22:10:08.366380,1,1197306724,949815871,1304930710
7311621328,317242,3,198.15,2025-10-06 22:10:08.366380,1,1356094906,907771087,1961120676
8790217194,589812,2,163.03,2025-10-06 22:10:08.366380,1,1392985663,227283775,1238175235
1772445313,557908,3,942.37,2025-10-06 22:10:08.366380,1,965509169,1416367254,2008060656
159394992,473929,1,440.19,2025-10-06 22:10:08.366380,1,691468484,1599286902,359630506
7992910755,243235,1,109.03,2025-10-06 22:10:08.366380,1,76807590,845513255,315222437
1786931285,679321,1,738.46,2025-10-06 22:10:08.366380,1,2026394376,575119873,1753295472
2225520858,448752,3,160.07,2025-10-06 22:10:08.366380,1,542666270,480868942,532292965
5635738740,319388,2,657.8,2025-10-06 22:10:08.366380,1,1001934338,936740962,390756976
2230824358,679284,1,877.89,2025-10-06 22:10:08.366380,1,1614257607,1768671768,456051561
9217211301,681063,2,321.28,2025-10-06 22:10:08.366380,1,2059041061,750324095,414198531
4501870609,839170,2,481.63,2025-10-06 22:10:08.366380,1,1983784073,622492390,2105835119
838401679,832348,3,831.43,2025-10-06 22:10:08.366380,1,1093555668,1150628393,548861964
9587315528,623234,3,329.79,2025-10-06 22:10:08.366380,1,1415465661,2102605197,1024774005
3122936945,880510,1,951.43,2025-10-06 22:10:08.366380,1,963299897,1892824527,154281148
6093390755,337168,1,545.49,2025-10-06 22:10:08.366380,1,1768997130,422169668,1232328293
2032956677,993331,1,102.44,2025-10-06 22:10:08.366380,1,485387482,151381207,1336807317
1488430001,807452,3,144.19,2025-10-06 22:10:08.366380,1,886856413,1477155421,668481441
615391848,284460,1,505.95,2025-10-06 22:10:08.366380,1,2042075340,1083135401,988230193
8686093533,492958,2,84.2,2025-10-06 22:10:08.366380,1,1143411683,2093511184,430737976
7038758506,51036,2,931.61,2025-10-06 22:10:08.366380,1,2037064788,781095989,403800963
2385966456,451933,3,568.94,2025-10-06 22:10:08.366380,1,1274420791,2021970875,231256283
259622674,154179,2,582.87,2025-10-06 22:10:08.366380,1,996557455,2098987007,1833320471
2580381935,137909,2,864.3,2025-10-06 22:10:08.366380,1,750213280,519661349,378233351
5035471587,927651,2,426.72,2025-10-06 22:10:08.366380,1,1183429001,1862532055,1897017726
9421270813,154179,1,582.87,2025-10-06 22:10:08.366380,1,1390291913,2098987007,2090061485
1831516625,264803,3,995.98,2025-10-06 22:10:08.366380,1,2031056117,1636107250,776564591
1918841793,256051,1,400.92,2025-10-06 22:10:08.366380,1,2024994057,224756323,1684052346
1757159071,589812,2,163.03,2025-10-06 22:10:08.366380,1,803769950,227283775,142147401
7589464630,961614,1,227.22,2025-10-06 22:10:08.366380,1,918384225,83931506,1966554655
1577085460,723678,3,675.46,2025-10-06 22:10:08.366380,1,76148678,1302042089,702826420
2279018877,993331,2,102.44,2025-10-06 22:10:08.366380,1,293094671,151381207,1112702260
7431412128,136533,2,826.21,2025-10-06 22:10:08.366380,1,1716342270,1335065078,612992855
8781520615,689769,2,46.62,2025-10-06 22:10:08.366380,1,1712981888,920943969,80125885
1276192882,853932,1,941.19,2025-10-06 22:10:08.366380,1,497967221,593620396,2129956741
4065794921,120385,3,597.91,2025-10-06 22:10:08.366380,1,587607822,827097792,2124597538
1690800946,589812,1,163.03,2025-10-06 22:10:08.366380,1,1982073861,227283775,1045834509
877883470,4452,2,169.88,2025-10-06 22:10:08.366380,1,1601639473,1669846499,664371797
7322044533,382511,3,702.54,2025-10-06 22:10:08.366380,1,86823471,742098017,2040474987
5243163885,833557,1,422.87,2025-10-06 22:10:08.366380,1,264181422,1245931918,1919661020
4360255357,91670,3,439.24,2025-10-06 22:10:08.366380,1,372548361,1550787547,1074375655
9623306038,365133,2,915.45,2025-10-06 22:10:08.366380,1,391206147,713921620,612397386
6282385286,807452,2,144.19,2025-10-06 22:10:08.366380,1,725365634,1477155421,2122938348
1001900652,217710,2,58.59,2025-10-06 22:10:08.366380,1,26214579,39448864,442685898
5161988291,82484,2,914.88,2025-10-06 22:10:08.366380,1,1531390727,579513425,405434120
3597752998,376447,1,724.84,2025-10-06 22:10:08.366380,1,530170916,1127102493,1403406127
9074325310,11422,2,127.16,2025-10-06 22:10:08.366380,1,1886551064,2082358221,992039905
8875965392,361361,3,826.21,2025-10-06 22:10:08.366380,1,17494035,1916552937,30858445
971081962,673058,3,765.76,2025-10-06 22:10:08.366380,1,1972929803,1499419575,1417371642
1948332638,18035,2,968.94,2025-10-06 22:10:08.366380,1,554595193,1926219,49659867
1785558780,689769,1,46.62,2025-10-06 22:10:08.366380,1,1534808173,920943969,554373904
7590462053,228286,3,179.08,2025-10-06 22:10:08.366380,1,990809345,2123717842,1209058328
2135743860,647462,1,326.42,2025-10-06 22:10:08.366380,1,757663670,1717547705,1741469050
9851365751,222892,3,869.22,2025-10-06 22:10:08.366380,1,592707700,687440601,1550132684
9243090480,385113,3,816.38,2025-10-06 22:10:08.366380,1,1426891314,428047797,1216113941
7168596454,563740,2,96.33,2025-10-06 22:10:08.366380,1,160930950,1502080094,1826432127
2483565595,52729,1,316.02,2025-10-06 22:10:08.366380,1,980013269,531297442,45371867
2484470052,721521,2,417.39,2025-10-06 22:10:08.366380,1,1446785439,1715454616,2056843077
7702588270,305754,2,979.99,2025-10-06 22:10:08.366380,1,1595445455,619109509,1738773202
5992338333,63769,2,878.07,2025-10-06 22:10:08.366380,1,1936150364,91929233,930741664
9196796718,965755,1,532.57,2025-10-06 22:10:08.366380,1,1836561745,2078445887,1067325170
3291765954,171602,2,883.44,2025-10-06 22:10:08.366380,1,1423197935,1982538297,1838247555
652616858,589812,3,163.03,2025-10-06 22:10:08.366380,1,61328149,227283775,1259134181
2613508245,123983,3,785.67,2025-10-06 22:10:08.366380,1,1212073170,2011113320,1848023307
8169361928,818990,2,163.55,2025-10-06 22:10:08.366380,1,1550732612,251967856,1959455080
9395982132,891833,2,493.19,2025-10-06 22:10:08.366380,1,1169274510,2048002458,1874586257
1914701538,962591,1,130.01,2025-10-06 22:10:08.366380,1,13717239,1416204614,518017055
6236279358,77308,1,223.27,2025-10-06 22:10:08.366380,1,1574843738,53241153,1897549783
2288561509,968887,3,40.7,2025-10-06 22:10:08.366380,1,956374079,1182035670,826685460
2010415757,820973,3,114.52,2025-10-06 22:10:08.366380,1,817253347,1667049476,116727374
7164827734,9436,2,88.43,2025-10-06 22:10:08.366380,1,1838146700,1149935421,281261306
7971819985,764014,3,612.04,2025-10-06 22:10:08.366380,1,354918528,958732770,253768265
8234021674,123983,3,785.67,2025-10-06 22:10:08.366380,1,959936888,2011113320,58986713
4274404843,803607,1,949.73,2025-10-06 22:10:08.366380,1,2058102211,1562408934,262810654
7353519273,927651,1,426.72,2025-10-06 22:10:08.366380,1,2140520821,1862532055,2002748046
8539612501,707935,1,820.9,2025-10-06 22:10:08.366380,1,165713472,1656173295,1000871527
5894327065,953175,3,225.21,2025-10-06 22:10:08.366380,1,169200544,667939899,2059895682
77053363,883013,3,989.88,2025-10-06 22:10:08.366380,1,1338647300,1917608457,1928178934
4467084478,833557,2,422.87,2025-10-06 22:10:08.366380,1,1813275384,1245931918,769859917
3514036230,107548,2,891.6,2025-10-06 22:10:08.366380,1,1533399753,1150580600,676101472
4720421794,532965,2,307.23,2025-10-06 22:10:08.366380,1,164551587,301069127,50570003
3202903413,140489,3,650.2,2025-10-06 22:10:08.366380,1,1181347842,1893418629,680675016
6938082428,764014,2,612.04,2025-10-06 22:10:08.366380,1,609907446,958732770,1070511105
9202941711,144124,2,162.67,2025-10-06 22:10:08.366380,1,125770946,379707586,103107601
8963522960,264803,2,995.98,2025-10-06 22:10:08.366380,1,42765684,1636107250,101081147
9266835891,243235,2,109.03,2025-10-06 22:10:08.366380,1,876711097,845513255,226329963
5265722064,672059,3,672.73,2025-10-06 22:10:08.366380,1,484939757,1227723400,1375839638
5514326011,677542,1,212.61,2025-10-06 22:10:08.366380,1,754352669,1050531960,1201153712
9578652103,15314,1,578.85,2025-10-06 22:10:08.366380,1,1235081573,913541967,615957181
3559061334,706112,3,478.79,2025-10-06 22:10:08.366380,1,1328000974,614053116,765718150
637944734,4452,3,169.88,2025-10-06 22:10:08.366380,1,2074206706,1669846499,816030380
7454643275,365132,3,229.38,2025-10-06 22:10:08.366380,1,575341722,1297590811,1991213782
4319342350,951463,2,787.4,2025-10-06 22:10:08.366380,1,787658247,170729287,267779155
7568450733,871592,2,870.29,2025-10-06 22:10:08.366380,1,1409793704,105454066,444671828
734744305,77308,3,223.27,2025-10-06 22:10:08.366380,1,155377221,53241153,2001007283
5233331050,171602,3,883.44,2025-10-06 22:10:08.366380,1,341213154,1982538297,1444072450
8326867788,798639,3,211.25,2025-10-06 22:10:08.366380,1,157660401,208459410,1392016187
8368819094,968887,3,40.7,2025-10-06 22:10:08.366380,1,656324170,1182035670,1274008044
8700151605,820541,2,576.22,2025-10-06 22:10:08.366380,1,1756703624,950750353,557152729
6269179048,700048,3,141.28,2025-10-06 22:10:08.366380,1,31443725,809445133,257866492
1265254177,435929,1,856.89,2025-10-06 22:10:08.366380,1,656561919,2132258950,1004764040
9858963919,140489,3,650.2,2025-10-06 22:10:08.366380,1,1299882893,1893418629,1697983381
7279564594,336847,2,936.98,2025-10-06 22:10:08.366380,1,658632817,1213656388,1230846131
6983253839,913428,3,392.22,2025-10-06 22:10:08.366380,1,1326070694,1926809877,1964038669
9479808024,712307,2,264.89,2025-10-06 22:10:08.366380,1,1775782454,992342221,1966641194
3583522679,712003,1,671.68,2025-10-06 22:10:08.366380,1,1745750903,605361557,280704457
1923226423,365133,2,915.45,2025-10-06 22:10:08.366380,1,2100051744,713921620,1962835513
664198080,615545,1,448.16,2025-10-06 22:10:08.366380,1,238197191,1651327884,565688969
4224700084,305754,1,979.99,2025-10-06 22:10:08.366380,1,310253031,619109509,1165830269
969621016,540618,3,317.05,2025-10-06 22:10:08.366380,1,53089999,73358530,847968030
8178275820,136533,2,826.21,2025-10-06 22:10:08.366380,1,1173358853,1335065078,447345677
4949766982,490602,2,549.47,2025-10-06 22:10:08.366380,1,117165046,769559771,150082890
5258344385,712307,3,264.89,2025-10-06 22:10:08.366380,1,1939527065,992342221,1942638407
8101930640,833557,1,422.87,2025-10-06 22:10:08.366380,1,743345122,1245931918,1741137385
6703316563,365132,1,229.38,2025-10-06 22:10:08.366380,1,899100213,1297590811,829909342
7680297690,970529,2,827.44,2025-10-06 22:10:08.366380,1,1656203077,590705616,1906210469
7256340388,673058,3,765.76,2025-10-06 22:10:08.366380,1,264653388,1499419575,368792538
2538269668,557908,1,942.37,2025-10-06 22:10:08.366380,1,1601531319,1416367254,411136592
7506762237,700048,1,141.28,2025-10-06 22:10:08.366380,1,715649255,809445133,120987433
6585436114,652118,1,22.04,2025-10-06 22:10:08.366380,1,1463879620,521926726,1400418977
9852996866,107548,2,891.6,2025-10-06 22:10:08.366380,1,169160126,1150580600,450845194
1991135167,901144,3,340.36,2025-10-06 22:10:08.366380,1,1843042023,1352129620,592105030
7765110772,563740,2,96.33,2025-10-06 22:10:08.366380,1,234879682,1502080094,111714083
3520718052,51036,3,931.61,2025-10-06 22:10:08.366380,1,680126317,781095989,2141824173
5388573375,652118,3,22.04,2025-10-06 22:10:08.366380,1,788886891,521926726,1227368841
8977771682,63769,2,878.07,2025-10-06 22:10:08.366380,1,915267088,91929233,1882869624
3596900942,537274,2,702.71,2025-10-06 22:10:08.366380,1,1260156556,1610734118,1791173513
155295996,365133,3,915.45,2025-10-06 22:10:08.366380,1,163973837,713921620,525606308
1945536198,34200,3,319.8,2025-10-06 22:10:08.366380,1,1074025018,1134595403,1088844976
2550246555,89084,3,598.83,2025-10-06 22:10:08.366380,1,902157678,898437619,310689692
4287631655,969851,2,340.66,2025-10-06 22:10:08.366380,1,1513695679,683664197,1382533969
2033683703,954722,3,616.45,2025-10-06 22:10:08.366380,1,1474714752,991469298,585992743
9453583714,623234,3,329.79,2025-10-06 22:10:08.366380,1,511909194,2102605197,110405067
852886125,679284,3,877.89,2025-10-06 22:10:08.366380,1,858280633,1768671768,1138108384
5705899665,784673,1,491.39,2025-10-06 22:10:08.366380,1,1447766443,1715124834,219866789
5706043483,6405,3,236.51,2025-10-06 22:10:08.366380,1,1172106283,311948925,1090405
5190422833,962591,3,130.01,2025-10-06 22:10:08.366380,1,1942369814,1416204614,1695940904
7178188501,712307,2,264.89,2025-10-06 22:10:08.366380,1,51958705,992342221,617729831
2864819888,425341,3,486.28,2025-10-06 22:10:08.366380,1,1943099460,1277415081,757708653
7107216633,600767,1,722.42,2025-10-06 22:10:08.366380,1,2079853327,358333658,979514096
1685382357,329351,2,310.87,2025-10-06 22:10:08.366380,1,816589501,423999419,19072264
7562902958,927651,1,426.72,2025-10-06 22:10:08.366380,1,751449544,1862532055,1689599376
2819953077,762527,3,690.08,2025-10-06 22:10:08.366380,1,2026372742,329436691,392248364
8453462258,542300,3,255.35,2025-10-06 22:10:08.366380,1,17140335,642032292,1651881547
4605056279,473929,1,440.19,2025-10-06 22:10:08.366380,1,1524144168,1599286902,505481232
5998035939,642612,1,517.03,2025-10-06 22:10:08.366380,1,1759123794,1800915091,831370793
2311501690,144124,2,162.67,2025-10-06 22:10:08.366380,1,1104653069,379707586,1619106185
356495722,807452,2,144.19,2025-10-06 22:10:08.366380,1,1020269519,1477155421,590607204
2695448838,962591,1,130.01,2025-10-06 22:10:08.366380,1,1210743719,1416204614,1493725654
6986791144,500633,1,154.5,2025-10-06 22:10:08.366380,1,1823876869,1149899146,799646130
8619571588,820541,3,576.22,2025-10-06 22:10:08.366380,1,1142785744,950750353,370093314
4088553674,606256,2,369.28,2025-10-06 22:10:08.366380,1,2126988360,457834622,405601764
8177907004,945635,2,778.9,2025-10-06 22:10:08.366380,1,810541908,1195017983,1471355336
8533749006,490939,1,80.25,2025-10-06 22:10:08.366380,1,925037601,660219871,189370252
8694014791,478531,1,825.46,2025-10-06 22:10:08.366380,1,195297599,901900830,552529196
6311012195,222892,3,869.22,2025-10-06 22:10:08.366380,1,924224741,687440601,1948951027
1312767771,704868,2,193.46,2025-10-06 22:10:08.366380,1,705750112,168512143,65547127
214919848,328457,1,858.57,2025-10-06 22:10:08.366380,1,413757127,1715494761,1064026702
5521682945,888807,3,230.58,2025-10-06 22:10:08.366380,1,572954070,1701046484,1885856314
5305770811,264803,2,995.98,2025-10-06 22:10:08.366380,1,2004484947,1636107250,1041841368
5842420654,714999,2,882.51,2025-10-06 22:10:08.366380,1,1433959792,7850779,1592115648
4566893863,228286,3,179.08,2025-10-06 22:10:08.366380,1,1731108732,2123717842,385830918
1523729855,647462,2,326.42,2025-10-06 22:10:08.366380,1,1059617760,1717547705,1015212013
2899786983,336847,1,936.98,2025-10-06 22:10:08.366380,1,847595608,1213656388,1720021439
9202528884,18035,1,968.94,2025-10-06 22:10:08.366380,1,325109446,1926219,123606400
4338327693,228286,2,179.08,2025-10-06 22:10:08.366380,1,1389092588,2123717842,1800335716
6295686357,942001,1,671.55,2025-10-06 22:10:08.366380,1,1805653820,1043912028,329326993
6396194687,89084,1,598.83,2025-10-06 22:10:08.366380,1,920762902,898437619,1762181155
5662786245,563740,1,96.33,2025-10-06 22:10:08.366380,1,1893727494,1502080094,617023882
4868150114,564692,3,215.65,2025-10-06 22:10:08.366380,1,2075613225,171152667,2069052484
502764834,112390,2,877.98,2025-10-06 22:10:08.366380,1,1962349594,1777953163,1016251024
5056125341,378287,3,332.84,2025-10-06 22:10:08.366380,1,214942738,210776433,1399868873
6388618916,41853,1,910.44,2025-10-06 22:10:08.366380,1,591640088,156111053,395815363
3508668494,366066,2,918.58,2025-10-06 22:10:08.366380,1,1071989251,1671068873,1591368886
5289436093,890623,1,354.52,2025-10-06 22:10:08.366380,1,203805041,110101683,185719206
7596333614,481843,2,297.68,2025-10-06 22:10:08.366380,1,118391442,574797365,63301154
6284076508,888807,1,230.58,2025-10-06 22:10:08.366380,1,401714327,1701046484,1346834137
340050407,880510,1,951.43,2025-10-06 22:10:08.366380,1,717233175,1892824527,2005024185
5927472701,747801,1,277.76,2025-10-06 22:10:08.366380,1,168363205,997364420,1902429998
9216536492,219598,1,367.08,2025-10-06 22:10:08.366380,1,1217841335,1543971995,555926777
3742662928,397973,2,728.73,2025-10-06 22:10:08.366380,1,652734156,662118768,103112874
4797768073,34200,1,319.8,2025-10-06 22:10:08.366380,1,777554012,1134595403,237053076
6767935470,690565,1,951.27,2025-10-06 22:10:08.366380,1,1770768783,1892387761,1437699352
1963703928,644847,1,622.81,2025-10-06 22:10:08.366380,1,620545570,1566934008,295019665
552470423,762527,1,690.08,2025-10-06 22:10:08.366380,1,1357439237,329436691,779213466
739434870,367391,3,939.55,2025-10-06 22:10:08.366380,1,131620465,1832350899,169262196
7930373606,901144,1,340.36,2025-10-06 22:10:08.366380,1,1512945622,1352129620,774864134
5374978054,146840,3,786.85,2025-10-06 22:10:08.366380,1,585410683,467288898,1763683968
4361797433,739534,2,994.56,2025-10-06 22:10:08.366380,1,1540755968,924030946,367285946
2002067527,317242,3,198.15,2025-10-06 22:10:08.366380,1,1402525554,907771087,548752118
4228110436,366066,2,918.58,2025-10-06 22:10:08.366380,1,765767568,1671068873,26940445
1251118825,953175,3,225.21,2025-10-06 22:10:08.366380,1,1726906752,667939899,92628126
7165265639,890232,3,432.0,2025-10-06 22:10:08.366380,1,1898932348,273331923,1538242559
1255323701,847349,1,781.08,2025-10-06 22:10:08.366380,1,51540260,757897642,408821064
807934194,256783,1,906.54,2025-10-06 22:10:08.366380,1,435748403,2061736232,1892321848
7968718292,11422,3,127.16,2025-10-06 22:10:08.366380,1,1727247990,2082358221,1543764646
2620531979,336847,2,936.98,2025-10-06 22:10:08.366380,1,1575032891,1213656388,2110948726
6943430459,871592,1,870.29,2025-10-06 22:10:08.366380,1,1611920314,105454066,624299016
5607355353,707935,2,820.9,2025-10-06 22:10:08.366380,1,270054240,1656173295,426008048
6696352636,537274,3,702.71,2025-10-06 22:10:08.366380,1,1022028238,1610734118,983338299
9325920156,784827,1,274.25,2025-10-06 22:10:08.366380,1,1346488646,1199454597,1257069808
2286477025,949818,2,483.05,2025-10-06 22:10:08.366380,1,691148631,401832236,197972530
6704773223,723678,3,675.46,2025-10-06 22:10:08.366380,1,883251677,1302042089,301473269
1435353007,336847,1,936.98,2025-10-06 22:10:08.366380,1,1942130421,1213656388,1076522851
8080970647,91670,1,439.24,2025-10-06 22:10:08.366380,1,1048542943,1550787547,1208785399
5881633926,6405,1,236.51,2025-10-06 22:10:08.366380,1,1077802746,311948925,909480263
4435459085,291238,1,746.03,2025-10-06 22:10:08.366380,1,1268672958,438906943,1556858549
6172529406,327290,2,862.28,2025-10-06 22:10:08.366380,1,1621693887,2127111214,1737182463
9127879048,890623,2,354.52,2025-10-06 22:10:08.366380,1,1519649205,110101683,635359946
3806545110,760828,3,563.45,2025-10-06 22:10:08.366380,1,998765940,1249739333,1743448633
6919395718,461804,1,310.69,2025-10-06 22:10:08.366380,1,2128058923,283755580,625469007
5277462976,654297,3,13.25,2025-10-06 22:10:08.366380,1,1532121211,493986690,806921049
3606274277,992178,2,632.43,2025-10-06 22:10:08.366380,1,1736911630,777024525,1988410566
2065203676,228286,1,179.08,2025-10-06 22:10:08.366380,1,1861287134,2123717842,666144887
4042066387,961614,3,227.22,2025-10-06 22:10:08.366380,1,587094607,83931506,1217350954
3604982656,968887,2,40.7,2025-10-06 22:10:08.366380,1,1706101313,1182035670,2026609533
1149676745,94225,3,77.11,2025-10-06 22:10:08.366380,1,229813279,249826083,982390121
3895011687,349294,1,934.75,2025-10-06 22:10:08.366380,1,116156671,1731020863,1748254825
772505056,313754,2,136.6,2025-10-06 22:10:08.366380,1,847713374,1873393598,2143970185
5574765914,51036,3,931.61,2025-10-06 22:10:08.366380,1,70980460,781095989,4830152
8812616740,673058,2,765.76,2025-10-06 22:10:08.366380,1,119215529,1499419575,82242206
1486655525,34186,1,925.65,2025-10-06 22:10:08.366380,1,205005557,1273095001,1658921820
8423025639,365132,3,229.38,2025-10-06 22:10:08.366380,1,1787143673,1297590811,1487546997
9020705185,654623,2,422.14,2025-10-06 22:10:08.366380,1,2026341456,1591468152,1809516155
7719808698,118820,3,12.32,2025-10-06 22:10:08.366380,1,851885696,777645869,768335901
3414036630,767398,2,22.14,2025-10-06 22:10:08.366380,1,986516008,531002713,47730675
4157869967,848226,3,209.59,2025-10-06 22:10:08.366380,1,2001149535,1729827112,866923321
4873887251,652118,1,22.04,2025-10-06 22:10:08.366380,1,665939988,521926726,299502829
8031946454,455083,1,959.01,2025-10-06 22:10:08.366380,1,2088606994,1489577187,1030126046
8168056170,194682,3,912.29,2025-10-06 22:10:08.366380,1,198305542,673039313,174633397
3108512811,993331,2,102.44,2025-10-06 22:10:08.366380,1,1020137450,151381207,1077158444
1680591951,131748,1,81.35,2025-10-06 22:10:08.366380,1,1692409986,1024605301,1076944720
559245731,461804,1,310.69,2025-10-06 22:10:08.366380,1,433473220,283755580,361451226
8655600303,440875,2,275.03,2025-10-06 22:10:08.366380,1,1827876537,245291136,1332404662
8247327365,704868,3,193.46,2025-10-06 22:10:08.366380,1,426954885,168512143,1601580795
9153347285,89084,2,598.83,2025-10-06 22:10:08.366380,1,1928420411,898437619,1208062669
1977533409,137909,1,864.3,2025-10-06 22:10:08.366380,1,1701327145,519661349,48005523
2433646621,94225,2,77.11,2025-10-06 22:10:08.366380,1,106713309,249826083,746484254
22830983,890232,3,432.0,2025-10-06 22:10:08.366380,1,1831767403,273331923,2057654811
1143763031,961614,3,227.22,2025-10-06 22:10:08.366380,1,1858207527,83931506,1723194695
8524056436,540618,1,317.05,2025-10-06 22:10:08.366380,1,616399762,73358530,192267771
4262338791,557908,3,942.37,2025-10-06 22:10:08.366380,1,510640070,1416367254,1634783080
187728451,880510,1,951.43,2025-10-06 22:10:08.366380,1,1390330302,1892824527,1503959838
6754346312,930284,1,189.47,2025-10-06 22:10:08.366380,1,345887754,1905951401,1147563840
5790622967,137909,3,864.3,2025-10-06 22:10:08.366380,1,311406873,519661349,828762494
4305348838,927651,1,426.72,2025-10-06 22:10:08.366380,1,911864793,1862532055,1673699676
2902411553,832348,1,831.43,2025-10-06 22:10:08.366380,1,1906746234,1150628393,1087653132
3691199770,564692,1,215.65,2025-10-06 22:10:08.366380,1,93617653,171152667,872816538
775709102,818990,2,163.55,2025-10-06 22:10:08.366380,1,2109374236,251967856,687678042
5262508570,689769,2,46.62,2025-10-06 22:10:08.366380,1,564234154,920943969,675673365
192109127,721521,2,417.39,2025-10-06 22:10:08.366380,1,622039657,1715454616,1437906786
1108215973,851978,3,715.72,2025-10-06 22:10:08.366380,1,1380167,940633450,806504610
1719134546,473647,3,43.05,2025-10-06 22:10:08.366380,1,374456246,1733243853,221139929
5280263316,847349,1,781.08,2025-10-06 22:10:08.366380,1,458711201,757897642,2042993225
9448306266,487065,1,374.68,2025-10-06 22:10:08.366380,1,26668543,1820956768,1624679753
8023626961,673058,1,765.76,2025-10-06 22:10:08.366380,1,1900950939,1499419575,660110206
1118405605,287070,3,443.17,2025-10-06 22:10:08.366380,1,2029785557,1647839942,862387628
8226034341,723678,2,675.46,2025-10-06 22:10:08.366380,1,1021503884,1302042089,1587674233
6976835753,563740,3,96.33,2025-10-06 22:10:08.366380,1,325412890,1502080094,1065277683
9171564499,807452,2,144.19,2025-10-06 22:10:08.366380,1,1335747886,1477155421,1997339245
5393607402,965755,1,532.57,2025-10-06 22:10:08.366380,1,1383752578,2078445887,712738361
5670040592,700048,1,141.28,2025-10-06 22:10:08.366380,1,1893044554,809445133,47197665
6736891890,942001,3,671.55,2025-10-06 22:10:08.366380,1,404867122,1043912028,828639032
1223255075,820541,1,576.22,2025-10-06 22:10:08.366380,1,791066226,950750353,576088932
8158413630,654623,3,422.14,2025-10-06 22:10:08.366380,1,730181219,1591468152,399175425
7867573412,741341,3,923.84,2025-10-06 22:10:08.366380,1,777550894,1767499626,382475409
1624690598,799688,3,309.62,2025-10-06 22:10:08.366380,1,1516527211,1688417826,1801236315
8968945932,52729,3,316.02,2025-10-06 22:10:08.366380,1,1499259967,531297442,79458191
1645212433,473929,2,440.19,2025-10-06 22:10:08.366380,1,1034217559,1599286902,894648196
9187046038,53833,2,134.69,2025-10-06 22:10:08.366380,1,795577094,1504830200,1609957757
9305357757,721521,2,417.39,2025-10-06 22:10:08.366380,1,125897259,1715454616,692130785
8312320295,654623,3,422.14,2025-10-06 22:10:08.366380,1,90475004,1591468152,328490755
3256941332,952168,3,236.95,2025-10-06 22:10:08.366380,1,307556189,1306578566,1988274082
8980502814,256783,3,906.54,2025-10-06 22:10:08.366380,1,1606499013,2061736232,1135501266
9270396838,440875,1,275.03,2025-10-06 22:10:08.366380,1,1906143259,245291136,1550809426
2892588628,820973,3,114.52,2025-10-06 22:10:08.366380,1,323312245,1667049476,1774314796
8774158800,492958,2,84.2,2025-10-06 22:10:08.366380,1,1264295396,2093511184,1729705162
2056131802,397973,3,728.73,2025-10-06 22:10:08.366380,1,609114477,662118768,1883261967
3528007192,243235,3,109.03,2025-10-06 22:10:08.366380,1,1087998727,845513255,2065158605
2845333894,313754,3,136.6,2025-10-06 22:10:08.366380,1,681330399,1873393598,67549536
6602340187,894539,3,445.48,2025-10-06 22:10:08.366380,1,971773534,1121923977,561338147
721004875,677542,2,212.61,2025-10-06 22:10:08.366380,1,1319601504,1050531960,1085780719
7435895360,820973,2,114.52,2025-10-06 22:10:08.366380,1,987885,1667049476,674889609
4217659083,692985,2,197.39,2025-10-06 22:10:08.366380,1,169783329,337047332,1587967428
9710865146,451812,3,530.85,2025-10-06 22:10:08.366380,1,618321921,1208840252,2081321429
5375295409,709916,3,33.76,2025-10-06 22:10:08.366380,1,778653050,2133218441,101414692
6286044248,490939,1,80.25,2025-10-06 22:10:08.366380,1,577940581,660219871,1475508422
1708282193,818522,3,96.09,2025-10-06 22:10:08.366380,1,372319664,361156178,1534062474
5746303677,56589,3,517.77,2025-10-06 22:10:08.366380,1,292454291,262577165,730916148
3271726381,319388,3,657.8,2025-10-06 22:10:08.366380,1,1103724921,936740962,294103042
9802569856,602241,3,976.55,2025-10-06 22:10:08.366380,1,572674673,1642929732,922430453
662460037,82484,2,914.88,2025-10-06 22:10:08.366380,1,1017826979,579513425,465077168
8664447334,57405,1,607.67,2025-10-06 22:10:08.366380,1,695449196,770627295,375764476
3886370975,440875,1,275.03,2025-10-06 22:10:08.366380,1,1544477871,245291136,1338304759
3547006553,969851,1,340.66,2025-10-06 22:10:08.366380,1,1731828552,683664197,519942491
2575965518,952168,1,236.95,2025-10-06 22:10:08.366380,1,1866330168,1306578566,1230783089
1529363954,853932,3,941.19,2025-10-06 22:10:08.366380,1,750406297,593620396,1235579253
8463856241,673058,2,765.76,2025-10-06 22:10:08.366380,1,900656645,1499419575,38021582
2485242479,34186,3,925.65,2025-10-06 22:10:08.366380,1,1052191359,1273095001,1815933513
9850673433,552883,3,888.16,2025-10-06 22:10:08.366380,1,2025987394,80327627,338985169
2558680592,771228,1,83.18,2025-10-06 22:10:08.366380,1,63619196,725006193,118308193
2859167116,60619,1,726.41,2025-10-06 22:10:08.366380,1,123250628,1259607174,1632778570
1222236371,491314,3,973.44,2025-10-06 22:10:08.366380,1,567809301,1772886192,53165278
344177904,970529,1,827.44,2025-10-06 22:10:08.366380,1,438907115,590705616,552004998
6126334783,425341,3,486.28,2025-10-06 22:10:08.366380,1,1007324771,1277415081,1735568152
3742575364,240179,3,90.56,2025-10-06 22:10:08.366380,1,1482010925,1566703172,1954742645
9272166174,367391,2,939.55,2025-10-06 22:10:08.366380,1,963078168,1832350899,2088217669
9416522701,217710,1,58.59,2025-10-06 22:10:08.366380,1,1990185487,39448864,1266345451
7305871805,853932,3,941.19,2025-10-06 22:10:08.366380,1,1980448247,593620396,955673142
80296810,33955,2,186.08,2025-10-06 22:10:08.366380,1,651269235,460003601,1743778871
2806868282,661577,3,720.95,2025-10-06 22:10:08.366380,1,1733001986,1306047591,1362956569
707033578,820973,1,114.52,2025-10-06 22:10:08.366380,1,2037697054,1667049476,549257789
9026783092,432617,2,863.18,2025-10-06 22:10:08.366380,1,450345208,1546344002,266113397
6229466619,449106,2,48.55,2025-10-06 22:10:08.366380,1,65167623,347199780,565735574
408720270,721521,3,417.39,2025-10-06 22:10:08.366380,1,1014544774,1715454616,2132033709
8870165072,186168,1,878.8,2025-10-06 22:10:08.366380,1,1123662466,1256706434,785077771
1979319490,243235,1,109.03,2025-10-06 22:10:08.366380,1,1344417633,845513255,887192481
840761323,883013,3,989.88,2025-10-06 22:10:08.366380,1,1986502518,1917608457,563481834
744721438,604184,2,397.55,2025-10-06 22:10:08.366380,1,891046107,519693845,1741879610
7421707488,721521,2,417.39,2025-10-06 22:10:08.366380,1,2049791071,1715454616,653152004
1212718824,324809,2,608.0,2025-10-06 22:10:08.366380,1,641473565,255369313,373474135
9603256001,832348,2,831.43,2025-10-06 22:10:08.366380,1,1013558446,1150628393,1572834742
5626888972,681063,1,321.28,2025-10-06 22:10:08.366380,1,528506283,750324095,337855055
2300753276,764014,1,612.04,2025-10-06 22:10:08.366380,1,1981708913,958732770,136518867
869629562,237083,2,577.13,2025-10-06 22:10:08.366380,1,330165017,2076240830,82109551
3429137520,993331,1,102.44,2025-10-06 22:10:08.366380,1,710000318,151381207,754349249
9957927297,449106,3,48.55,2025-10-06 22:10:08.366380,1,258263406,347199780,802796424
202466684,642612,1,517.03,2025-10-06 22:10:08.366380,1,1197572249,1800915091,594132907
8465721207,33955,2,186.08,2025-10-06 22:10:08.366380,1,954139322,460003601,294106957
6194827199,555121,2,354.91,2025-10-06 22:10:08.366380,1,365939156,1133999892,1799153558
3942174431,764014,2,612.04,2025-10-06 22:10:08.366380,1,704647404,958732770,676487287
3189863462,567671,2,418.48,2025-10-06 22:10:08.366380,1,972052761,871692779,112387074
5923573134,623234,2,329.79,2025-10-06 22:10:08.366380,1,869962057,2102605197,1486064180
6659747528,366066,3,918.58,2025-10-06 22:10:08.366380,1,978840092,1671068873,653468169
6037541687,306177,3,769.24,2025-10-06 22:10:08.366380,1,1789476253,1525819089,122675051
2585438297,14145,3,630.84,2025-10-06 22:10:08.366380,1,541157241,1136210203,340768181
8065774615,954722,3,616.45,2025-10-06 22:10:08.366380,1,548064936,991469298,632237093
1816814476,667163,2,441.2,2025-10-06 22:10:08.366380,1,2038447152,1152496784,1196625205
5278014717,658389,1,152.55,2025-10-06 22:10:08.366380,1,165561916,1291868352,536627703
4265447949,784827,3,274.25,2025-10-06 22:10:08.366380,1,147987747,1199454597,722869852
6752221435,760684,1,71.6,2025-10-06 22:10:08.366380,1,139461664,1594364382,1765178469
8943989258,578097,1,267.61,2025-10-06 22:10:08.366380,1,899029927,131763570,841990815
4068367936,525531,2,831.1,2025-10-06 22:10:08.366380,1,218361365,1158549287,221092684
5735156904,552496,1,508.0,2025-10-06 22:10:08.366380,1,202163409,835527500,841835101
2405929115,937542,3,97.04,2025-10-06 22:10:08.366380,1,1643118482,433256058,1340840200
7913167260,123983,1,785.67,2025-10-06 22:10:08.366380,1,759673654,2011113320,1505044729
1989751369,837480,3,217.4,2025-10-06 22:10:08.366380,1,1888931926,431925118,1644565385
7338050095,257719,3,281.73,2025-10-06 22:10:08.366380,1,1936070468,1100680631,1768631072
9950986048,753354,1,423.56,2025-10-06 22:10:08.366380,1,1833990703,735880283,1437978391
5098703807,726958,3,887.48,2025-10-06 22:10:08.366380,1,1479434495,1997019986,1111804900
6937485392,561860,1,874.78,2025-10-06 22:10:08.366380,1,886115442,314419203,1590791162
1266440097,949818,2,483.05,2025-10-06 22:10:08.366380,1,551153584,401832236,1567062743
7415490509,365133,3,915.45,2025-10-06 22:10:08.366380,1,1368416492,713921620,1162122919
7284991749,961614,2,227.22,2025-10-06 22:10:08.366380,1,1602741858,83931506,546944926
4645792703,734789,2,395.82,2025-10-06 22:10:08.366380,1,1617344886,35227595,986182031
3174938939,365132,3,229.38,2025-10-06 22:10:08.366380,1,373716949,1297590811,1106279823
1752712049,440875,1,275.03,2025-10-06 22:10:08.366380,1,1991403405,245291136,360613728
8187201830,925482,3,475.04,2025-10-06 22:10:08.366380,1,1476000367,277135915,888799544
6900896329,557908,2,942.37,2025-10-06 22:10:08.366380,1,469893031,1416367254,2145937685
3793977529,256051,3,400.92,2025-10-06 22:10:08.366380,1,532867406,224756323,1667766155
194459698,760684,1,71.6,2025-10-06 22:10:08.366380,1,799196407,1594364382,725616287
9330447952,376447,1,724.84,2025-10-06 22:10:08.366380,1,2057223791,1127102493,1157864806
2097372277,757274,2,98.32,2025-10-06 22:10:08.366380,1,1561140937,1105999156,1917243039
7060954153,903336,3,551.88,2025-10-06 22:10:08.366380,1,878776359,146464680,324918970
2921310646,63769,1,878.07,2025-10-06 22:10:08.366380,1,190182819,91929233,138410036
3983082555,94225,3,77.11,2025-10-06 22:10:08.366380,1,122261972,249826083,1319420103
4867298468,82484,3,914.88,2025-10-06 22:10:08.366380,1,515169086,579513425,1226764063
3402631472,91670,2,439.24,2025-10-06 22:10:08.366380,1,168486863,1550787547,2104629159
1648146562,398340,1,651.93,2025-10-06 22:10:08.366380,1,946865847,130949049,146635864
5907766010,114414,2,832.06,2025-10-06 22:10:08.366380,1,353914345,1919226756,180662472
9233577456,131136,2,37.8,2025-10-06 22:10:08.366380,1,138105114,830909099,149198750
4084808075,324809,3,608.0,2025-10-06 22:10:08.366380,1,1071549252,255369313,1272945596
7217049550,552496,3,508.0,2025-10-06 22:10:08.366380,1,1655301773,835527500,2002144357
1831943568,799459,3,852.02,2025-10-06 22:10:08.366380,1,554173430,230851792,820750104
8707473624,990993,3,263.7,2025-10-06 22:10:08.366380,1,893234284,182906398,740029227
7075868285,336847,1,936.98,2025-10-06 22:10:08.366380,1,376757166,1213656388,390383026
5164162918,784827,3,274.25,2025-10-06 22:10:08.366380,1,991989489,1199454597,1849911688
2175298644,970529,1,827.44,2025-10-06 22:10:08.366380,1,1717792578,590705616,1517227354
5882568464,623234,2,329.79,2025-10-06 22:10:08.366380,1,1975410804,2102605197,1448042399
7847708619,837480,2,217.4,2025-10-06 22:10:08.366380,1,1399994984,431925118,2116737370
6366048116,679321,3,738.46,2025-10-06 22:10:08.366380,1,342061417,575119873,1791421218
4926287333,747801,1,277.76,2025-10-06 22:10:08.366380,1,1019866096,997364420,99901987
5532838325,264803,3,995.98,2025-10-06 22:10:08.366380,1,276232359,1636107250,1907733916
2567996236,714999,3,882.51,2025-10-06 22:10:08.366380,1,465565304,7850779,1338172802
2655613624,131748,2,81.35,2025-10-06 22:10:08.366380,1,282198594,1024605301,1298176213
7706089549,990993,1,263.7,2025-10-06 22:10:08.366380,1,1243364669,182906398,552792385
8257370396,451933,1,568.94,2025-10-06 22:10:08.366380,1,328067859,2021970875,935854706
8623808984,462526,2,449.97,2025-10-06 22:10:08.366380,1,813758774,1589916932,382511457
7579506101,487065,2,374.68,2025-10-06 22:10:08.366380,1,1829261939,1820956768,950137837
8861024199,329351,2,310.87,2025-10-06 22:10:08.366380,1,1352488886,423999419,1110725828
7666131311,39154,1,946.86,2025-10-06 22:10:08.366380,1,110109151,1327604593,598486997
103589925,542300,3,255.35,2025-10-06 22:10:08.366380,1,1607680956,642032292,235833465
7346858138,552496,3,508.0,2025-10-06 22:10:08.366380,1,1580252687,835527500,1813036794
4963962664,820541,1,576.22,2025-10-06 22:10:08.366380,1,93966553,950750353,1260711129
9069936094,991434,3,237.62,2025-10-06 22:10:08.366380,1,8594855,179299332,1420294500
4665363191,187399,3,53.49,2025-10-06 22:10:08.366380,1,1327284229,1064147607,1655179374
888510905,256051,2,400.92,2025-10-06 22:10:08.366380,1,918631495,224756323,1096408180
6876091286,903336,3,551.88,2025-10-06 22:10:08.366380,1,1351715484,146464680,818000736
2592923105,925482,3,475.04,2025-10-06 22:10:08.366380,1,114764089,277135915,868045900
2468550508,473647,2,43.05,2025-10-06 22:10:08.366380,1,1239927221,1733243853,1975749470
5302956276,56589,3,517.77,2025-10-06 22:10:08.366380,1,315967154,262577165,819007211
9409714182,658389,1,152.55,2025-10-06 22:10:08.366380,1,654396083,1291868352,2114151658
1446221570,952168,2,236.95,2025-10-06 22:10:08.366380,1,1895185785,1306578566,1351568007
8250036360,256051,3,400.92,2025-10-06 22:10:08.366380,1,380582662,224756323,1546933585
447464341,378230,2,166.42,2025-10-06 22:10:08.366380,1,1623941107,1431784583,1618229388
15642223,937542,3,97.04,2025-10-06 22:10:08.366380,1,932441566,433256058,1096982207
3285378238,291238,2,746.03,2025-10-06 22:10:08.366380,1,712372077,438906943,361204657
2356483296,382511,1,702.54,2025-10-06 22:10:08.366380,1,1487076323,742098017,586816931
3382911339,697683,1,123.74,2025-10-06 22:10:08.366380,1,1182540192,1677500147,536626790
3690872026,951463,3,787.4,2025-10-06 22:10:08.366380,1,1183003065,170729287,263841769
6755367585,561860,1,874.78,2025-10-06 22:10:08.366380,1,273290161,314419203,45901982
6835850079,880510,3,951.43,2025-10-06 22:10:08.366380,1,186820711,1892824527,270373935
9345418784,771228,3,83.18,2025-10-06 22:10:08.366380,1,401660809,725006193,679559870
7185243614,552883,3,888.16,2025-10-06 22:10:08.366380,1,2125455868,80327627,702020052
2319044818,615545,1,448.16,2025-10-06 22:10:08.366380,1,1591449463,1651327884,660945979
931834374,41853,3,910.44,2025-10-06 22:10:08.366380,1,1732058701,156111053,1615577428
8485398781,33955,2,186.08,2025-10-06 22:10:08.366380,1,661024369,460003601,185869089
9806464912,133542,3,68.49,2025-10-06 22:10:08.366380,1,460052778,1304230899,1496628318
8214365128,542300,2,255.35,2025-10-06 22:10:08.366380,1,1082494915,642032292,1165232457
137089318,39154,2,946.86,2025-10-06 22:10:08.366380,1,80002909,1327604593,1096384307
7615602420,714999,3,882.51,2025-10-06 22:10:08.366380,1,2084487628,7850779,1877067203
3995348964,697683,3,123.74,2025-10-06 22:10:08.366380,1,2068074189,1677500147,95520117
3816542830,942001,3,671.55,2025-10-06 22:10:08.366380,1,2143878503,1043912028,2070630961
9665004924,349294,3,934.75,2025-10-06 22:10:08.366380,1,1215925358,1731020863,231946148
1728547597,798639,2,211.25,2025-10-06 22:10:08.366380,1,54773772,208459410,2014228790
5311190131,965755,2,532.57,2025-10-06 22:10:08.366380,1,173854455,2078445887,1882659389
9581592141,4452,3,169.88,2025-10-06 22:10:08.366380,1,146858734,1669846499,1746634936
4848863693,876139,1,415.75,2025-10-06 22:10:08.366380,1,1628922547,423032908,1981001134
6374883107,473929,1,440.19,2025-10-06 22:10:08.366380,1,1366992434,1599286902,806089500
3270131216,820973,3,114.52,2025-10-06 22:10:08.366380,1,1912760935,1667049476,2140892070
2643382562,563740,3,96.33,2025-10-06 22:10:08.366380,1,1843136739,1502080094,540593415
5212524996,784827,1,274.25,2025-10-06 22:10:08.366380,1,1713255620,1199454597,1928676756
9594095277,925482,1,475.04,2025-10-06 22:10:08.366380,1,1763476571,277135915,1700892019
8375863419,962591,1,130.01,2025-10-06 22:10:08.366380,1,695429806,1416204614,1835764630
7523880783,880510,3,951.43,2025-10-06 22:10:08.366380,1,156719590,1892824527,1160755675
9670158103,647462,2,326.42,2025-10-06 22:10:08.366380,1,2060309811,1717547705,626688449
4344108631,880510,3,951.43,2025-10-06 22:10:08.366380,1,1359033021,1892824527,317302063
2237858,585299,1,799.46,2025-10-06 22:10:08.366380,1,937977578,949815871,262532189
3217791988,890623,1,354.52,2025-10-06 22:10:08.366380,1,621352018,110101683,416054734
3355718103,478531,2,825.46,2025-10-06 22:10:08.366380,1,1069556236,901900830,337749005
9590518103,140154,2,171.2,2025-10-06 22:10:08.366380,1,1316607976,1806801571,141010220
6610120274,552496,2,508.0,2025-10-06 22:10:08.366380,1,469168152,835527500,1764918410
1180899898,274207,1,328.51,2025-10-06 22:10:08.366380,1,543940328,2095648851,161418296
8758992688,891833,1,493.19,2025-10-06 22:10:08.366380,1,394772528,2048002458,1635868203
6965716176,970529,3,827.44,2025-10-06 22:10:08.366380,1,227148425,590705616,558985474
5527742274,712003,2,671.68,2025-10-06 22:10:08.366380,1,1852000511,605361557,1026962310
826610039,589812,3,163.03,2025-10-06 22:10:08.366380,1,885461087,227283775,694683294
3303891913,313754,2,136.6,2025-10-06 22:10:08.366380,1,184731752,1873393598,237434571
2489292878,969851,2,340.66,2025-10-06 22:10:08.366380,1,623589277,683664197,599647912
8589851630,687218,2,317.82,2025-10-06 22:10:08.366380,1,426417169,1314693034,1376863805
4598897781,709916,3,33.76,2025-10-06 22:10:08.366380,1,1345306108,2133218441,145619940
6932356214,131748,2,81.35,2025-10-06 22:10:08.366380,1,1516741049,1024605301,2116349738
3499004322,34200,1,319.8,2025-10-06 22:10:08.366380,1,102887734,1134595403,2068704885
7517620171,687218,2,317.82,2025-10-06 22:10:08.366380,1,1275589389,1314693034,153616795
172987148,901144,3,340.36,2025-10-06 22:10:08.366380,1,1946867217,1352129620,1425121637
8347207794,890623,1,354.52,2025-10-06 22:10:08.366380,1,1322012810,110101683,646903817
9472355181,962054,1,16.86,2025-10-06 22:10:08.366380,1,2147154956,702536214,1221109660
1315064289,883013,2,989.88,2025-10-06 22:10:08.366380,1,789944061,1917608457,1497059149
9371869941,712307,2,264.89,2025-10-06 22:10:08.366380,1,813272584,992342221,1497362012
5184568404,704868,2,193.46,2025-10-06 22:10:08.366380,1,1877103293,168512143,396171708
5891002534,361361,2,826.21,2025-10-06 22:10:08.366380,1,1231404053,1916552937,1455134956
1479730711,123983,3,785.67,2025-10-06 22:10:08.366380,1,1508536244,2011113320,32096558
7651037338,274207,2,328.51,2025-10-06 22:10:08.366380,1,1223905479,2095648851,1786106651
8763754537,723678,3,675.46,2025-10-06 22:10:08.366380,1,1306149617,1302042089,1833024224
7683813608,658389,2,152.55,2025-10-06 22:10:08.366380,1,1362772300,1291868352,1864160406
6722955128,949818,1,483.05,2025-10-06 22:10:08.366380,1,354819609,401832236,1625921986
8259274680,256783,3,906.54,2025-10-06 22:10:08.366380,1,92405437,2061736232,567924153
4620484274,9436,2,88.43,2025-10-06 22:10:08.366380,1,498526523,1149935421,622483705
8260569466,144124,3,162.67,2025-10-06 22:10:08.366380,1,1286719331,379707586,1028161344
8498916204,537274,3,702.71,2025-10-06 22:10:08.366380,1,490129275,1610734118,165486444
3209538967,82484,1,914.88,2025-10-06 22:10:08.366380,1,1737830192,579513425,1111583145
2570640420,542300,1,255.35,2025-10-06 22:10:08.366380,1,870398555,642032292,1631439892
2066843639,764014,3,612.04,2025-10-06 22:10:08.366380,1,2103656492,958732770,50543009
7402125753,319388,2,657.8,2025-10-06 22:10:08.366380,1,955855195,936740962,2011113312
9171089443,274207,3,328.51,2025-10-06 22:10:08.366380,1,1113410776,2095648851,967543853
3272079644,741341,1,923.84,2025-10-06 22:10:08.366380,1,327845385,1767499626,1011523992
438111050,171602,1,883.44,2025-10-06 22:10:08.366380,1,1999929212,1982538297,1378331428
7416160835,222892,1,869.22,2025-10-06 22:10:08.366380,1,1865873760,687440601,70173391
4075074492,140154,1,171.2,2025-10-06 22:10:08.366380,1,1169704118,1806801571,1234578970
5536024334,600767,3,722.42,2025-10-06 22:10:08.366380,1,879465791,358333658,1577075727
2013140214,962054,3,16.86,2025-10-06 22:10:08.366380,1,569313457,702536214,1749478342
1113582397,757274,2,98.32,2025-10-06 22:10:08.366380,1,1551584552,1105999156,2018499894
1083928258,264803,1,995.98,2025-10-06 22:10:08.366380,1,952832918,1636107250,409103248
4906957374,818990,3,163.55,2025-10-06 22:10:08.366380,1,1755644308,251967856,2033611479
1876614122,366066,2,918.58,2025-10-06 22:10:08.366380,1,1692506215,1671068873,1637633186
6556180328,839170,1,481.63,2025-10-06 22:10:08.366380,1,661939356,622492390,116547503
7960553477,585299,3,799.46,2025-10-06 22:10:08.366380,1,1644988040,949815871,792136457
6335972517,949818,2,483.05,2025-10-06 22:10:08.366380,1,250877146,401832236,1806177790
6254948159,726958,3,887.48,2025-10-06 22:10:08.366380,1,1809043187,1997019986,1269162506
7527936057,107548,3,891.6,2025-10-06 22:10:08.366380,1,2086514921,1150580600,2138852509
6257851675,677169,2,261.03,2025-10-06 22:10:08.366380,1,1400658925,1618005433,1835795322
6832610950,9436,3,88.43,2025-10-06 22:10:08.366380,1,1973590359,1149935421,1447907019
5085005195,697683,3,123.74,2025-10-06 22:10:08.366380,1,67551859,1677500147,1860024450
2177207547,448752,1,160.07,2025-10-06 22:10:08.366380,1,763361988,480868942,815860095
3043364543,186168,1,878.8,2025-10-06 22:10:08.366380,1,1052340862,1256706434,1146522022
2823404098,891833,3,493.19,2025-10-06 22:10:08.366380,1,1127142200,2048002458,664772408
646676955,77308,2,223.27,2025-10-06 22:10:08.366380,1,650782830,53241153,1972860097
5756607486,613942,3,545.0,2025-10-06 22:10:08.366380,1,1460569879,2097313557,116701535
9373691795,880510,1,951.43,2025-10-06 22:10:08.366380,1,1662383796,1892824527,1776166365
2611601543,661577,1,720.95,2025-10-06 22:10:08.366380,1,340831006,1306047591,690405876
1491360686,621677,2,317.8,2025-10-06 22:10:08.366380,1,1976836378,180408731,1282796114
1824533423,949818,2,483.05,2025-10-06 22:10:08.366380,1,1341196391,401832236,122951945
2913841018,799688,1,309.62,2025-10-06 22:10:08.366380,1,344684921,1688417826,1769877564
3141803761,4452,3,169.88,2025-10-06 22:10:08.366380,1,2064246496,1669846499,605351739
6184484468,240179,2,90.56,2025-10-06 22:10:08.366380,1,6254826,1566703172,869751884
4599327740,613942,3,545.0,2025-10-06 22:10:08.366380,1,1967809767,2097313557,1996389763
7479207574,60619,3,726.41,2025-10-06 22:10:08.366380,1,907080802,1259607174,617260015
2996133401,903336,2,551.88,2025-10-06 22:10:08.366380,1,988425782,146464680,964425604
5972410040,968887,3,40.7,2025-10-06 22:10:08.366380,1,992078451,1182035670,404742932
4007593324,305754,3,979.99,2025-10-06 22:10:08.366380,1,2098246629,619109509,189864462
3428454405,432617,2,863.18,2025-10-06 22:10:08.366380,1,1148726043,1546344002,690698547
1160646195,876139,1,415.75,2025-10-06 22:10:08.366380,1,496570179,423032908,1981728358
4376524554,812607,2,416.65,2025-10-06 22:10:08.366380,1,139556157,1380872453,1649943193
1519072771,925482,2,475.04,2025-10-06 22:10:08.366380,1,243069338,277135915,1873765382
8203685394,615545,3,448.16,2025-10-06 22:10:08.366380,1,1727217644,1651327884,1675720891
7906789850,491521,2,556.35,2025-10-06 22:10:08.366380,1,1907586364,1355063782,1257703879
8073770046,661577,1,720.95,2025-10-06 22:10:08.366380,1,211303664,1306047591,1094898059
5190202949,992178,1,632.43,2025-10-06 22:10:08.366380,1,1686160586,777024525,1446433101
8542325207,373536,2,494.17,2025-10-06 22:10:08.366380,1,1082579238,1592075761,1483293442
7566730050,552496,3,508.0,2025-10-06 22:10:08.366380,1,1952293228,835527500,183592727
176509722,883013,1,989.88,2025-10-06 22:10:08.366380,1,961383269,1917608457,934783050
1894603222,839170,1,481.63,2025-10-06 22:10:08.366380,1,201270529,622492390,642861534
2694800415,891833,2,493.19,2025-10-06 22:10:08.366380,1,917549805,2048002458,903434811
5879390688,687218,1,317.82,2025-10-06 22:10:08.366380,1,187456505,1314693034,1633795800
1197715978,945635,3,778.9,2025-10-06 22:10:08.366380,1,767600317,1195017983,1231599976
7790696031,602241,1,976.55,2025-10-06 22:10:08.366380,1,1692031125,1642929732,686200660
2189360099,6405,1,236.51,2025-10-06 22:10:08.366380,1,436563607,311948925,1366453207
3542041943,313754,1,136.6,2025-10-06 22:10:08.366380,1,261792584,1873393598,794724314
9202469009,563740,1,96.33,2025-10-06 22:10:08.366380,1,1635739828,1502080094,2050357791
3985829990,578097,1,267.61,2025-10-06 22:10:08.366380,1,285192418,131763570,173605576
4341872315,930284,3,189.47,2025-10-06 22:10:08.366380,1,510774338,1905951401,1151831273
4748123248,673058,3,765.76,2025-10-06 22:10:08.366380,1,717596951,1499419575,1309121270
99905061,492958,1,84.2,2025-10-06 22:10:08.366380,1,1033704365,2093511184,1149669101
9118004489,473647,1,43.05,2025-10-06 22:10:08.366380,1,867600389,1733243853,2014901000
1696936610,490939,1,80.25,2025-10-06 22:10:08.366380,1,1187026039,660219871,1341848406
155669553,714999,1,882.51,2025-10-06 22:10:08.366380,1,338842054,7850779,914767370
2885541999,337168,3,545.49,2025-10-06 22:10:08.366380,1,633643980,422169668,65594065
2846340681,287070,2,443.17,2025-10-06 22:10:08.366380,1,1649170916,1647839942,188847289
963715332,771228,1,83.18,2025-10-06 22:10:08.366380,1,1810077724,725006193,302233867
2807634451,481843,3,297.68,2025-10-06 22:10:08.366380,1,2059450906,574797365,1114407978
3046341241,690565,1,951.27,2025-10-06 22:10:08.366380,1,1869480507,1892387761,245145802
485687952,992178,3,632.43,2025-10-06 22:10:08.366380,1,706132509,777024525,369654172
7660904370,478531,1,825.46,2025-10-06 22:10:08.366380,1,1434992337,901900830,1377487400
9753033954,667163,1,441.2,2025-10-06 22:10:08.366380,1,90970993,1152496784,1982041759
9509887699,700048,2,141.28,2025-10-06 22:10:08.366380,1,1942287771,809445133,4502626
1054122071,473929,1,440.19,2025-10-06 22:10:08.366380,1,14227215,1599286902,364598759
9135272808,952124,2,127.08,2025-10-06 22:10:08.366380,1,501562506,1704339285,1366305197
597447215,848226,1,209.59,2025-10-06 22:10:08.366380,1,939347100,1729827112,1343147664
5562099656,440875,2,275.03,2025-10-06 22:10:08.366380,1,2127827771,245291136,1123860188
4122736828,500633,1,154.5,2025-10-06 22:10:08.366380,1,797467234,1149899146,1579267243
7238138072,679284,3,877.89,2025-10-06 22:10:08.366380,1,461673446,1768671768,824580936
6244736404,613942,1,545.0,2025-10-06 22:10:08.366380,1,105843989,2097313557,1482295363
1297341963,564692,1,215.65,2025-10-06 22:10:08.366380,1,970316856,171152667,1173257555
3842442278,567671,1,418.48,2025-10-06 22:10:08.366380,1,1017880093,871692779,2123617378
9576684860,587645,2,801.81,2025-10-06 22:10:08.366380,1,112854258,1626127595,1166355534
1592757566,124290,2,39.65,2025-10-06 22:10:08.366380,1,2129283008,183811791,1896876566
5060677329,264803,3,995.98,2025-10-06 22:10:08.366380,1,975537854,1636107250,220377842
2241930006,26060,3,342.94,2025-10-06 22:10:08.366380,1,751897221,1587775638,1969851769
3246505078,677169,1,261.03,2025-10-06 22:10:08.366380,1,1768404477,1618005433,1397047405
5870152806,659290,1,319.34,2025-10-06 22:10:08.366380,1,1505550146,1196372733,1987728492
8919999754,564692,3,215.65,2025-10-06 22:10:08.366380,1,584662499,171152667,1568468802
1080338783,433521,2,321.33,2025-10-06 22:10:08.366380,1,1702671582,582652347,2083675481
4641905606,112390,3,877.98,2025-10-06 22:10:08.366380,1,1389322939,1777953163,1076915328
9456413999,839170,2,481.63,2025-10-06 22:10:08.366380,1,1523893242,622492390,748916031
4764056827,767398,2,22.14,2025-10-06 22:10:08.366380,1,1426731085,531002713,1242572031
5168057633,272170,2,140.8,2025-10-06 22:10:08.366380,1,1314476575,1985571996,782636616
1442559656,240179,2,90.56,2025-10-06 22:10:08.366380,1,2074221204,1566703172,507275203
6590257283,435929,3,856.89,2025-10-06 22:10:08.366380,1,1338990354,2132258950,1689941256
3429671763,473929,1,440.19,2025-10-06 22:10:08.366380,1,1872204639,1599286902,863469545
4750086089,563740,1,96.33,2025-10-06 22:10:08.366380,1,2075376397,1502080094,603732390
3204128006,41853,3,910.44,2025-10-06 22:10:08.366380,1,203419046,156111053,780481455
3171917027,56589,3,517.77,2025-10-06 22:10:08.366380,1,1581235259,262577165,1207393415
8814047085,764014,2,612.04,2025-10-06 22:10:08.366380,1,1872610632,958732770,66568967
1889723479,317242,1,198.15,2025-10-06 22:10:08.366380,1,1102059819,907771087,41195991
942025494,888807,3,230.58,2025-10-06 22:10:08.366380,1,669951160,1701046484,1879215852
4104444500,807452,1,144.19,2025-10-06 22:10:08.366380,1,387018935,1477155421,355194921
7562260313,217710,2,58.59,2025-10-06 22:10:08.366380,1,571048959,39448864,1286683471
7140244766,942001,1,671.55,2025-10-06 22:10:08.366380,1,492417081,1043912028,1424788231
7967974077,448752,3,160.07,2025-10-06 22:10:08.366380,1,1152750536,480868942,1583005163
7456822422,962054,2,16.86,2025-10-06 22:10:08.366380,1,16130909,702536214,2102374308
4813468096,516376,3,877.43,2025-10-06 22:10:08.366380,1,1475069543,1782984877,46625645
8618576020,382511,1,702.54,2025-10-06 22:10:08.366380,1,769611849,742098017,1033511153
3727646442,913428,3,392.22,2025-10-06 22:10:08.366380,1,2133622730,1926809877,626408178
9208156337,319388,3,657.8,2025-10-06 22:10:08.366380,1,1386421747,936740962,230144863
8328118787,500633,3,154.5,2025-10-06 22:10:08.366380,1,545978026,1149899146,138402833
580528836,11422,3,127.16,2025-10-06 22:10:08.366380,1,1120032668,2082358221,961631085
3350662630,927651,1,426.72,2025-10-06 22:10:08.366380,1,1290793173,1862532055,1920766201
6716381725,328457,1,858.57,2025-10-06 22:10:08.366380,1,10516106,1715494761,1998065239
2249567137,897083,3,972.69,2025-10-06 22:10:08.366380,1,1074961000,1653724011,814583800
7484465509,706112,3,478.79,2025-10-06 22:10:08.366380,1,236113050,614053116,2025962650
2577208156,615545,1,448.16,2025-10-06 22:10:08.366380,1,35204802,1651327884,657282694
3321905621,820541,3,576.22,2025-10-06 22:10:08.366380,1,565803183,950750353,1168206979
6686839282,726958,2,887.48,2025-10-06 22:10:08.366380,1,1944108851,1997019986,163259638
5095558661,970529,3,827.44,2025-10-06 22:10:08.366380,1,2026302869,590705616,1468936232
112658009,604184,1,397.55,2025-10-06 22:10:08.366380,1,536602687,519693845,354675692
1343610513,925482,2,475.04,2025-10-06 22:10:08.366380,1,140891705,277135915,83549591
7190610535,990993,3,263.7,2025-10-06 22:10:08.366380,1,88595497,182906398,490316962
5069426001,41853,1,910.44,2025-10-06 22:10:08.366380,1,901552594,156111053,2114033794
5655369002,6405,2,236.51,2025-10-06 22:10:08.366380,1,1312342593,311948925,174892967
5761530160,349294,1,934.75,2025-10-06 22:10:08.366380,1,1933346525,1731020863,1029190542
4772519706,257719,1,281.73,2025-10-06 22:10:08.366380,1,1245332774,1100680631,288785082
8209051735,336847,3,936.98,2025-10-06 22:10:08.366380,1,1453714202,1213656388,68044931
4870391666,324809,1,608.0,2025-10-06 22:10:08.366380,1,1231883696,255369313,1540044157
7777975083,684939,1,727.95,2025-10-06 22:10:08.366380,1,740291792,2066068749,1095252529
8713948756,837480,2,217.4,2025-10-06 22:10:08.366380,1,540601342,431925118,1394517568
6191050157,365133,3,915.45,2025-10-06 22:10:08.366380,1,100519623,713921620,850629706
4060449266,953175,1,225.21,2025-10-06 22:10:08.366380,1,698684764,667939899,2140129731
5657605506,451933,3,568.94,2025-10-06 22:10:08.366380,1,4266325,2021970875,1758248648
8851743592,385113,1,816.38,2025-10-06 22:10:08.366380,1,1117844588,428047797,110728229
4689717606,473929,1,440.19,2025-10-06 22:10:08.366380,1,946754610,1599286902,66727578
2860246948,859361,1,432.39,2025-10-06 22:10:08.366380,1,2044200864,1280507817,1363036905
2875550803,366066,3,918.58,2025-10-06 22:10:08.366380,1,1079269580,1671068873,457030123
5340575011,6405,2,236.51,2025-10-06 22:10:08.366380,1,7737304,311948925,1868173646
7717156533,820973,1,114.52,2025-10-06 22:10:08.366380,1,1022922137,1667049476,650729016
8297255359,354409,1,325.08,2025-10-06 22:10:08.366380,1,1604112925,912571795,326756905
7873234939,367391,1,939.55,2025-10-06 22:10:08.366380,1,635518014,1832350899,1644967134
3668515922,328457,3,858.57,2025-10-06 22:10:08.366380,1,736139870,1715494761,1225599598
8356690330,566052,2,87.3,2025-10-06 22:10:08.366380,1,1154582799,56996108,822726321
3508620293,991434,1,237.62,2025-10-06 22:10:08.366380,1,19587777,179299332,1254423118
9998297778,709916,3,33.76,2025-10-06 22:10:08.366380,1,550757224,2133218441,613699947
3898421710,187399,2,53.49,2025-10-06 22:10:08.366380,1,1850734274,1064147607,218407081
3960980694,927651,1,426.72,2025-10-06 22:10:08.366380,1,549053593,1862532055,1095047271
5008395294,131136,3,37.8,2025-10-06 22:10:08.366380,1,344260929,830909099,1182777869
3722869004,337168,3,545.49,2025-10-06 22:10:08.366380,1,1913369340,422169668,124816306
8391555591,644847,1,622.81,2025-10-06 22:10:08.366380,1,215736327,1566934008,49578912
8063730776,196719,3,217.5,2025-10-06 22:10:08.366380,1,1081988364,1290033046,1486330070
9052752169,114414,2,832.06,2025-10-06 22:10:08.366380,1,774831143,1919226756,864029702
7471416647,927651,2,426.72,2025-10-06 22:10:08.366380,1,1738569508,1862532055,56312123
848332407,555121,2,354.91,2025-10-06 22:10:08.366380,1,1300170822,1133999892,2098515031
4062701987,194682,1,912.29,2025-10-06 22:10:08.366380,1,1075814036,673039313,404793347
8723912832,455755,3,44.09,2025-10-06 22:10:08.366380,1,631027184,1899574707,860751296
9099298435,89084,3,598.83,2025-10-06 22:10:08.366380,1,1157276004,898437619,1849560070
5645691241,77308,2,223.27,2025-10-06 22:10:08.366380,1,576912653,53241153,3127975
8258019846,734789,1,395.82,2025-10-06 22:10:08.366380,1,441469042,35227595,419124805
2732162016,305754,3,979.99,2025-10-06 22:10:08.366380,1,447724337,619109509,1593112605
1561902412,679321,1,738.46,2025-10-06 22:10:08.366380,1,540938403,575119873,1179075025
8979476889,256051,3,400.92,2025-10-06 22:10:08.366380,1,1172168866,224756323,2132031933
8373953053,679284,3,877.89,2025-10-06 22:10:08.366380,1,443415805,1768671768,1438105617
7021309133,992178,3,632.43,2025-10-06 22:10:08.366380,1,101019565,777024525,1914706718
3447085029,337168,2,545.49,2025-10-06 22:10:08.366380,1,2077558019,422169668,1853230721
9284767341,470449,1,827.77,2025-10-06 22:10:08.366380,1,853748935,2032155310,709482510
9770431940,679321,2,738.46,2025-10-06 22:10:08.366380,1,387533793,575119873,1147570087
9650124390,123983,2,785.67,2025-10-06 22:10:08.366380,1,445257692,2011113320,1832742844
